2996 4368
463 351 501 413 A,
519 350 700 408 Daseusa
730 350 783 406 or
804 304 976 408 ¹norrun(
1126 361 1194 434 119

244 531 329 595 Tres
345 553 460 595 sumus
476 532 625 595 imbelles
642 552 790 608 numero,
808 534 880 595 sine
896 533 1020 597 viribus
1036 554 1126 609 uxor,

290 644 495 727 Laertesque
511 665 622 720 senex,
640 645 929 727 Telemachusque
946 665 1036 726 puer.

203 768 235 822 95
246 756 307 818 Ille
324 776 383 839 per
398 757 535 820 insidias
552 777 659 839 paene
676 765 728 820 est
743 757 823 819 mihi
839 776 947 838 nuper
961 757 1147 840 ademptus,
1211 769 1264 816 ruo

287 868 366 931 dum
384 879 479 950 parat
495 869 605 932 invitis
621 867 776 933 omnibus
791 868 839 932 ire
857 869 969 954 Pylon.

247 980 299 1056 Di,
317 1001 443 1062 precor,
461 982 524 1044 hoc
540 980 686 1056 iubeant,
705 989 742 1044 ut
757 979 913 1044 euntibus
929 981 1044 1045 ordine
1060 982 1139 1045 fatis

288 1092 342 1155 ille
358 1112 450 1156 meos
466 1093 580 1156 oculos
597 1091 804 1173 comprimat,
821 1093 876 1156 ille
892 1102 976 1157 tuos.

246 1203 336 1267 Hinc
352 1204 481 1267 faciunt
496 1213 673 1287 custosque
689 1204 790 1268 boum
806 1204 1036 1288 longaevaque
1051 1205 1170 1282 nutrix,

188 1345 235 1380 100
287 1316 403 1379 tertius
419 1316 610 1380 immundae
627 1337 706 1380 cura
720 1317 827 1380 fidelis
844 1318 953 1381 harae.

245 1428 312 1492 Sed
329 1449 437 1512 neque
456 1429 603 1505 Laertes
617 1438 653 1492 ut
668 1427 725 1512 qui
741 1431 783 1492 sit
798 1429 922 1492 inutilis
938 1431 1047 1506 armiS,

288 1541 438 1605 hostibus
454 1541 488 1604 in
505 1541 622 1606 mediis
638 1561 745 1624 regna
759 1552 874 1606 tenere
891 1551 1010 1624 potest,

244 1673 306 1716 nec
322 1654 403 1716 mihi
418 1664 496 1717 sunt
510 1654 598 1717 vires
614 1653 765 1717 inimicos
782 1654 905 1736 pellere
920 1653 1026 1718 tectis.

287 1767 340 1828 Tu
356 1766 452 1830 eitius
468 1767 592 1842 venias,
611 1776 727 1849 portus
743 1775 777 1828 et
793 1786 874 1828 aura
889 1768 963 1829 tuis.

156 1911 158 1915 v
188 1897 234 1949 ¹05
244 1878 447 1942 Telemacho
462 1879 582 1954 veniet,
599 1878 690 1941 vivat
707 1878 815 1953 modo,
834 1878 950 1942 fortior
966 1888 1059 1943 aetas
1069 1899 1078 1955 ;

288 2010 376 2053 nunc
390 2001 463 2058 erat
480 1990 607 2053 auxiliis
622 1990 680 2053 illa
696 1990 820 2053 tuenda
836 1990 948 2072 patris

246 2103 307 2164 Est
323 2102 391 2177 tibi,
409 2104 526 2184 sitque,
545 2122 670 2183 precor,
689 2098 797 2177 nat'us,
815 2101 871 2184 qui
887 2102 1040 2165 mollibus
1057 2104 1152 2166 annis

249 2199 254 2205 ’
286 2215 321 2276 in
337 2214 461 2296 patrias
477 2216 557 2277 artis
573 2213 776 2302 erudiendus
793 2222 872 2276 erat.

246 2325 389 2407 Respice
407 2325 571 2401 Laerten3
596 2326 712 2389 utiam
729 2346 790 2388 sua
806 2325 932 2388 lumina
947 2325 1083 2402 condas,

186 2457 234 2492 1¹0
287 2447 471 2501 extremum
488 2438 549 2500 fati
565 2439 706 2500 sustinet
722 2437 776 2500 ille
793 2437 889 2500 diem.

244 2551 344 2614 Certe
359 2568 431 2630 ego,
450 2540 535 2631 quae
551 2550 680 2611 fueram
697 2559 730 2611 te
746 2548 939 2612 discedente
955 2549 1075 2631 puella,

288 2661 437 2743 protinus
455 2671 490 2723 ut
505 2661 629 2734 venias,
646 2661 738 2723 iacta
753 2660 890 2724 videbor
906 2681 998 2724 anus.

653 2869 788 2896 -Οοὺ-

297 3042 448 3113 ΧΧΙΧ.
484 3043 520 3111 Α
549 3040 797 3110 DEFENSE
826 3041 896 3110 OF
925 3041 1142 3112 POETRY

1210 3199 1296 3247 ovid’s

245 3220 335 3302 Quid
351 3220 441 3296 mihi,
459 3220 540 3283 livor
556 3219 649 3294 edax,
667 3219 808 3300 ignavos
825 3219 927 3282 obicis
944 3239 1050 3282 annos
1210 3273 1336 3319 Amorum

288 3333 479 3414 ingeniique
494 3352 595 3395 vocas
611 3352 746 3394 carmen
763 3331 876 3394 inertis
893 3332 1000 3413 opus?

245 3445 324 3508 Non
341 3464 394 3507 me
410 3465 500 3507 more
517 3453 659 3526 patrum,
677 3444 756 3506 dum
773 3453 908 3506 strenua
924 3443 1065 3506 sustinet
1081 3454 1183 3519 aetas,

288 3557 437 3638 praemia
453 3556 588 3619 militiae
604 3557 835 3638 pulverulenta
851 3556 954 3638 sequi,

216 3681 229 3734 5
244 3689 306 3732 nec
322 3689 375 3732 me
391 3667 549 3732 verbosas
566 3669 659 3750 leges
675 3669 833 3744 ediscere,
851 3688 912 3731 nec
930 3688 983 3730 me

289 3782 420 3863 ingrato
436 3801 553 3844 vocem
569 3781 778 3864 prostituisse
794 3780 891 3845 foro?
