<?xml version="1.0" encoding="UTF-8"?>
<!DOCTYPE html PUBLIC "-//W3C//DTD XHTML 1.0 Transitional//EN"
    "http://www.w3.org/TR/xhtml1/DTD/xhtml1-transitional.dtd">
<html xmlns="http://www.w3.org/1999/xhtml" xml:lang="en" lang="en">
 <head>
  <title>
</title>
<meta http-equiv="Content-Type" content="text/html;charset=utf-8" />
  <meta name='ocr-system' content='tesseract 3.04.00' />
  <meta name='ocr-capabilities' content='ocr_page ocr_carea ocr_par ocr_line ocrx_word'/>
</head>
<body>
  <div class='ocr_page' id='page_1' title='image "./poemsovidselect00ovidgoog_0195.png"; bbox 0 0 2996 4368; ppageno 0'>
   <div class='ocr_carea' id='block_1_1' title="bbox 102 1271 243 1616">
    <p class='ocr_par' dir='ltr' id='par_1_1' title="bbox 102 1271 243 1467">
     <span class='ocr_line' id='line_1_1' title="bbox 103 1271 222 1332; baseline 0.008 -14"><span class='ocrx_word' id='word_1_1' title='bbox 103 1271 222 1332; x_wconf 77' lang='lat' dir='ltr'>Ulysses’</span> 
     </span>
     <span class='ocr_line' id='line_1_2' title="bbox 102 1346 243 1405; baseline 0.014 -14"><span class='ocrx_word' id='word_1_2' title='bbox 102 1346 243 1405; x_wconf 78' lang='lat' dir='ltr'>Eloquance</span> 
     </span>
     <span class='ocr_line' id='line_1_3' title="bbox 102 1421 169 1467; baseline 0 0"><span class='ocrx_word' id='word_1_3' title='bbox 102 1421 169 1467; x_wconf 76' lang='lat' dir='ltr'>wine</span> 
     </span>
    </p>

    <p class='ocr_par' dir='ltr' id='par_1_2' title="bbox 102 1496 189 1616">
     <span class='ocr_line' id='line_1_4' title="bbox 102 1496 148 1541; baseline 0 0"><span class='ocrx_word' id='word_1_4' title='bbox 102 1496 148 1541; x_wconf 86' lang='lat' dir='ltr'>the</span> 
     </span>
     <span class='ocr_line' id='line_1_5' title="bbox 103 1567 189 1616; baseline 0.012 -1"><span class='ocrx_word' id='word_1_5' title='bbox 103 1567 189 1616; x_wconf 75' lang='lat' dir='ltr'>chief·</span> 
     </span>
    </p>
   </div>
   <div class='ocr_carea' id='block_1_2' title="bbox 303 288 1042 367">
    <p class='ocr_par' dir='ltr' id='par_1_3' title="bbox 303 288 1042 367">
     <span class='ocr_line' id='line_1_6' title="bbox 303 288 1042 367; baseline 0.001 -23"><span class='ocrx_word' id='word_1_6' title='bbox 303 297 371 367; x_wconf 89' lang='lat'>170</span> <span class='ocrx_word' id='word_1_7' title='bbox 507 289 758 346; x_wconf 89' lang='lat' dir='ltr'><strong>SELECTIONS</strong></span> <span class='ocrx_word' id='word_1_8' title='bbox 788 289 906 346; x_wconf 86' lang='lat' dir='ltr'>FROM</span> <span class='ocrx_word' id='word_1_9' title='bbox 937 288 1042 346; x_wconf 94' lang='lat' dir='ltr'><strong>OVID</strong></span> 
     </span>
    </p>
   </div>
   <div class='ocr_carea' id='block_1_3' title="bbox 297 473 1189 780">
    <p class='ocr_par' dir='ltr' id='par_1_4' title="bbox 297 473 1189 780">
     <span class='ocr_line' id='line_1_7' title="bbox 297 473 1083 555; baseline 0.001 -21"><span class='ocrx_word' id='word_1_10' title='bbox 297 474 416 553; x_wconf 93' lang='lat' dir='ltr'>coepit,</span> <span class='ocrx_word' id='word_1_11' title='bbox 434 482 469 535; x_wconf 88' lang='lat' dir='ltr'>et</span> <span class='ocrx_word' id='word_1_12' title='bbox 484 482 520 535; x_wconf 94' lang='lat' dir='ltr'>ut</span> <span class='ocrx_word' id='word_1_13' title='bbox 537 474 678 555; x_wconf 86' lang='lat' dir='ltr'>prImum</span> <span class='ocrx_word' id='word_1_14' title='bbox 696 473 796 554; x_wconf 89' lang='lat' dir='ltr'>pleno</span> <span class='ocrx_word' id='word_1_15' title='bbox 814 473 971 535; x_wconf 85' lang='lat' dir='ltr'><strong>maturuit</strong></span> <span class='ocrx_word' id='word_1_16' title='bbox 986 493 1083 548; x_wconf 92' lang='lat' dir='ltr'>anno,</span> 
     </span>
     <span class='ocr_line' id='line_1_8' title="bbox 297 585 1189 666; baseline 0 -20"><span class='ocrx_word' id='word_1_17' title='bbox 297 585 443 666; x_wconf 89' lang='lat' dir='ltr'>prodidit</span> <span class='ocrx_word' id='word_1_18' title='bbox 459 586 648 666; x_wconf 82' lang='lat' dir='ltr'>agricolam.</span> <span class='ocrx_word' id='word_1_19' title='bbox 697 586 782 649; x_wconf 92' lang='lat' dir='ltr'>Leni</span> <span class='ocrx_word' id='word_1_20' title='bbox 799 606 876 647; x_wconf 92' lang='lat' dir='ltr'>nam</span> <span class='ocrx_word' id='word_1_21' title='bbox 893 595 1005 648; x_wconf 89' lang='lat' dir='ltr'>motus</span> <span class='ocrx_word' id='word_1_22' title='bbox 1022 585 1063 648; x_wconf 91' lang='lat' dir='ltr'>ab</span> <span class='ocrx_word' id='word_1_23' title='bbox 1077 594 1189 646; x_wconf 88' lang='lat' dir='ltr'>austro</span> 
     </span>
     <span class='ocr_line' id='line_1_9' title="bbox 297 696 1177 780; baseline 0 -21"><span class='ocrx_word' id='word_1_24' title='bbox 297 696 416 760; x_wconf 90' lang='lat' dir='ltr'>obruta</span> <span class='ocrx_word' id='word_1_25' title='bbox 430 697 533 760; x_wconf 90' lang='lat' dir='ltr'>verba</span> <span class='ocrx_word' id='word_1_26' title='bbox 549 699 660 774; x_wconf 78' lang='lat' dir='ltr'><strong>refert,</strong></span> <span class='ocrx_word' id='word_1_27' title='bbox 678 698 869 780; x_wconf 85' lang='lat' dir='ltr'>dominique</span> <span class='ocrx_word' id='word_1_28' title='bbox 885 698 1036 779; x_wconf 85' lang='lat' dir='ltr'>coarguit</span> <span class='ocrx_word' id='word_1_29' title='bbox 1051 697 1147 759; x_wconf 91' lang='lat' dir='ltr'>auris.</span> <span class='ocrx_word' id='word_1_30' title='bbox 1175 763 1177 766; x_wconf 64' lang='grc'>,</span> 
     </span>
    </p>
   </div>
   <div class='ocr_carea' id='block_1_4' title="bbox 706 914 842 941">
    <p class='ocr_par' dir='ltr' id='par_1_5' title="bbox 706 914 842 941">
     <span class='ocr_line' id='line_1_10' title="bbox 706 914 842 941; baseline 0 0"><span class='ocrx_word' id='word_1_31' title='bbox 706 914 842 941; x_wconf 75' lang='grc' dir='ltr'><strong>-οοο-</strong></span> 
     </span>
    </p>
   </div>
   <div class='ocr_carea' id='block_1_5' title="bbox 373 1078 1172 1169">
    <p class='ocr_par' dir='ltr' id='par_1_6' title="bbox 373 1078 1172 1169">
     <span class='ocr_line' id='line_1_11' title="bbox 373 1078 1172 1169; baseline -0.001 -20"><span class='ocrx_word' id='word_1_32' title='bbox 373 1079 525 1150; x_wconf 88' lang='lat' dir='ltr'><strong>XLIII.</strong></span> <span class='ocrx_word' id='word_1_33' title='bbox 562 1079 682 1150; x_wconf 92' lang='lat' dir='ltr'>THE</span> <span class='ocrx_word' id='word_1_34' title='bbox 712 1079 906 1149; x_wconf 87' lang='lat' dir='ltr'><strong>DEATH</strong></span> <span class='ocrx_word' id='word_1_35' title='bbox 938 1078 1008 1149; x_wconf 88' lang='lat' dir='ltr'>OF</span> <span class='ocrx_word' id='word_1_36' title='bbox 1037 1078 1172 1169; x_wconf 90' lang='lat' dir='ltr'>AJAX</span> 
     </span>
    </p>
   </div>
   <div class='ocr_carea' id='block_1_6' title="bbox 296 1268 1307 3147">
    <p class='ocr_par' dir='ltr' id='par_1_7' title="bbox 344 1268 1247 1355">
     <span class='ocr_line' id='line_1_12' title="bbox 344 1268 1247 1355; baseline -0.002 -23"><span class='ocrx_word' id='word_1_37' title='bbox 344 1271 437 1333; x_wconf 86' lang='lat' dir='ltr'>Mota</span> <span class='ocrx_word' id='word_1_38' title='bbox 463 1291 581 1333; x_wconf 90' lang='lat' dir='ltr'>manus</span> <span class='ocrx_word' id='word_1_39' title='bbox 609 1291 783 1352; x_wconf 89' lang='lat' dir='ltr'>procerum</span> <span class='ocrx_word' id='word_1_40' title='bbox 811 1281 880 1345; x_wconf 89' lang='lat' dir='ltr'>est;</span> <span class='ocrx_word' id='word_1_41' title='bbox 914 1279 947 1333; x_wconf 87' lang='lat' dir='ltr'>et</span> <span class='ocrx_word' id='word_1_42' title='bbox 978 1271 1057 1352; x_wconf 94' lang='lat' dir='ltr'>quid</span> <span class='ocrx_word' id='word_1_43' title='bbox 1089 1268 1247 1355; x_wconf 85' lang='lat' dir='ltr'>facundia</span> 
     </span>
    </p>

    <p class='ocr_par' dir='ltr' id='par_1_8' title="bbox 384 1391 507 1463">
     <span class='ocr_line' id='line_1_13' title="bbox 384 1391 507 1463; baseline 0 -18"><span class='ocrx_word' id='word_1_44' title='bbox 384 1391 507 1463; x_wconf 89' lang='lat' dir='ltr'>posset,</span> 
     </span>
    </p>

    <p class='ocr_par' dir='ltr' id='par_1_9' title="bbox 297 1495 1085 1577">
     <span class='ocr_line' id='line_1_14' title="bbox 297 1495 1085 1577; baseline 0 -21"><span class='ocrx_word' id='word_1_45' title='bbox 297 1514 333 1556; x_wconf 88' lang='lat' dir='ltr'>re</span> <span class='ocrx_word' id='word_1_46' title='bbox 350 1495 465 1576; x_wconf 86' lang='lat' dir='ltr'>patuit,</span> <span class='ocrx_word' id='word_1_47' title='bbox 483 1495 646 1577; x_wconf 83' lang='lat' dir='ltr'>fortisque</span> <span class='ocrx_word' id='word_1_48' title='bbox 661 1495 723 1558; x_wconf 87' lang='lat' dir='ltr'>viri</span> <span class='ocrx_word' id='word_1_49' title='bbox 737 1495 813 1557; x_wconf 89' lang='lat' dir='ltr'>tulit</span> <span class='ocrx_word' id='word_1_50' title='bbox 828 1515 919 1557; x_wconf 90' lang='lat' dir='ltr'>arma</span> <span class='ocrx_word' id='word_1_51' title='bbox 935 1495 1085 1557; x_wconf 83' lang='lat' dir='ltr'>disertus¹</span> 
     </span>
    </p>

    <p class='ocr_par' dir='ltr' id='par_1_10' title="bbox 300 1607 1220 1690">
     <span class='ocr_line' id='line_1_15' title="bbox 300 1607 1220 1690; baseline -0.001 -21"><span class='ocrx_word' id='word_1_52' title='bbox 300 1608 449 1670; x_wconf 88' lang='lat' dir='ltr'>Hectora</span> <span class='ocrx_word' id='word_1_53' title='bbox 466 1607 522 1689; x_wconf 92' lang='lat' dir='ltr'>qui</span> <span class='ocrx_word' id='word_1_54' title='bbox 539 1608 639 1683; x_wconf 77' lang='lat' dir='ltr'>soluS,</span> <span class='ocrx_word' id='word_1_55' title='bbox 656 1608 713 1690; x_wconf 91' lang='lat' dir='ltr'>qui</span> <span class='ocrx_word' id='word_1_56' title='bbox 730 1608 855 1670; x_wconf 87' lang='lat' dir='ltr'>ferrum</span> <span class='ocrx_word' id='word_1_57' title='bbox 869 1607 1021 1688; x_wconf 85' lang='lat' dir='ltr'>ignisque</span> <span class='ocrx_word' id='word_1_58' title='bbox 1040 1607 1220 1688; x_wconf 91' lang='lat' dir='ltr'>Iovemque</span> 
     </span>
    </p>

    <p class='ocr_par' dir='ltr' id='par_1_11' title="bbox 297 1719 1067 1795">
     <span class='ocr_line' id='line_1_16' title="bbox 297 1719 1067 1795; baseline -0.003 -14"><span class='ocrx_word' id='word_1_59' title='bbox 297 1719 453 1781; x_wconf 88' lang='lat' dir='ltr'>sustinuit</span> <span class='ocrx_word' id='word_1_60' title='bbox 469 1719 600 1795; x_wconf 90' lang='lat' dir='ltr'>totiens,</span> <span class='ocrx_word' id='word_1_61' title='bbox 619 1740 719 1782; x_wconf 92' lang='lat' dir='ltr'>unam</span> <span class='ocrx_word' id='word_1_62' title='bbox 735 1741 802 1782; x_wconf 92' lang='lat' dir='ltr'>non</span> <span class='ocrx_word' id='word_1_63' title='bbox 819 1719 960 1782; x_wconf 91' lang='lat' dir='ltr'>sustinet</span> <span class='ocrx_word' id='word_1_64' title='bbox 975 1721 1067 1794; x_wconf 88' lang='lat' dir='ltr'>iram,</span> 
     </span>
    </p>

    <p class='ocr_par' dir='ltr' id='par_1_12' title="bbox 297 1831 1307 1913">
     <span class='ocr_line' id='line_1_17' title="bbox 297 1831 1307 1913; baseline -0.001 -21"><span class='ocrx_word' id='word_1_65' title='bbox 297 1831 523 1913; x_wconf 89' lang='lat' dir='ltr'>invictumque</span> <span class='ocrx_word' id='word_1_66' title='bbox 539 1832 646 1895; x_wconf 91' lang='lat' dir='ltr'>virum</span> <span class='ocrx_word' id='word_1_67' title='bbox 662 1833 741 1895; x_wconf 89' lang='lat' dir='ltr'>vicit</span> <span class='ocrx_word' id='word_1_68' title='bbox 757 1831 858 1895; x_wconf 88' lang='lat' dir='ltr'>dolor.</span> <span class='ocrx_word' id='word_1_69' title='bbox 907 1831 1043 1912; x_wconf 88' lang='lat' dir='ltr'>Adripit</span> <span class='ocrx_word' id='word_1_70' title='bbox 1059 1851 1173 1894; x_wconf 90' lang='lat' dir='ltr'>ensem</span> <span class='ocrx_word' id='word_1_71' title='bbox 1292 1853 1307 1906; x_wconf 79' lang='lat'><strong>5</strong></span> 
     </span>
    </p>

    <p class='ocr_par' dir='ltr' id='par_1_13' title="bbox 297 1941 1247 2120">
     <span class='ocr_line' id='line_1_18' title="bbox 297 1941 1247 2024; baseline -0.002 -19"><span class='ocrx_word' id='word_1_72' title='bbox 297 1952 338 2018; x_wconf 88' lang='lat' dir='ltr'>et,</span> <span class='ocrx_word' id='word_1_73' title='bbox 358 1949 377 1974; x_wconf 81' lang='lat'>‘⁴</span> <span class='ocrx_word' id='word_1_74' title='bbox 389 1944 486 2006; x_wconf 90' lang='lat' dir='ltr'>Meus</span> <span class='ocrx_word' id='word_1_75' title='bbox 511 1944 564 2006; x_wconf 92' lang='lat' dir='ltr'>hic</span> <span class='ocrx_word' id='word_1_76' title='bbox 588 1953 677 2007; x_wconf 91' lang='lat' dir='ltr'>certe</span> <span class='ocrx_word' id='word_1_77' title='bbox 700 1952 758 2007; x_wconf 88' lang='lat' dir='ltr'>est.</span> <span class='ocrx_word' id='word_1_78' title='bbox 806 1944 863 2006; x_wconf 91' lang='lat' dir='ltr'>An</span> <span class='ocrx_word' id='word_1_79' title='bbox 887 1953 921 2006; x_wconf 93' lang='lat' dir='ltr'>et</span> <span class='ocrx_word' id='word_1_80' title='bbox 944 1944 1031 2005; x_wconf 90' lang='lat' dir='ltr'>hunc</span> <span class='ocrx_word' id='word_1_81' title='bbox 1055 1943 1117 2004; x_wconf 94' lang='lat' dir='ltr'>sibi</span> <span class='ocrx_word' id='word_1_82' title='bbox 1140 1941 1247 2024; x_wconf 91' lang='lat' dir='ltr'>poscit</span> 
     </span>
     <span class='ocr_line' id='line_1_19' title="bbox 385 2055 524 2120; baseline -0.022 0"><span class='ocrx_word' id='word_1_83' title='bbox 385 2055 524 2120; x_wconf 86' lang='lat' dir='ltr'>Ulixes?</span> 
     </span>
    </p>

    <p class='ocr_par' dir='ltr' id='par_1_14' title="bbox 299 2165 1246 2342">
     <span class='ocr_line' id='line_1_20' title="bbox 299 2165 1246 2248; baseline -0.001 -19"><span class='ocrx_word' id='word_1_84' title='bbox 299 2167 406 2242; x_wconf 88' lang='lat' dir='ltr'>Hoc,”</span> <span class='ocrx_word' id='word_1_85' title='bbox 435 2169 489 2243; x_wconf 92' lang='lat' dir='ltr'>ait,</span> <span class='ocrx_word' id='word_1_86' title='bbox 523 2169 712 2230; x_wconf 89' lang='lat' dir='ltr'>“utendum</span> <span class='ocrx_word' id='word_1_87' title='bbox 740 2177 791 2230; x_wconf 89' lang='lat' dir='ltr'>est</span> <span class='ocrx_word' id='word_1_88' title='bbox 820 2168 854 2230; x_wconf 91' lang='lat' dir='ltr'>in</span> <span class='ocrx_word' id='word_1_89' title='bbox 885 2188 939 2230; x_wconf 92' lang='lat' dir='ltr'>me</span> <span class='ocrx_word' id='word_1_90' title='bbox 969 2167 1057 2229; x_wconf 92' lang='lat' dir='ltr'>mihi.</span> <span class='ocrx_word' id='word_1_91' title='bbox 1114 2165 1246 2248; x_wconf 85' lang='lat' dir='ltr'>Quique</span> 
     </span>
     <span class='ocr_line' id='line_1_21' title="bbox 384 2300 499 2342; baseline 0.009 -1"><span class='ocrx_word' id='word_1_92' title='bbox 384 2300 499 2342; x_wconf 89' lang='lat' dir='ltr'>cruore</span> 
     </span>
    </p>

    <p class='ocr_par' dir='ltr' id='par_1_15' title="bbox 297 2390 1245 2578">
     <span class='ocr_line' id='line_1_22' title="bbox 297 2390 1245 2475; baseline -0.003 -20"><span class='ocrx_word' id='word_1_93' title='bbox 297 2411 398 2473; x_wconf 93' lang='lat' dir='ltr'>saepe</span> <span class='ocrx_word' id='word_1_94' title='bbox 423 2392 591 2475; x_wconf 88' lang='lat' dir='ltr'>Phrygum</span> <span class='ocrx_word' id='word_1_95' title='bbox 617 2392 752 2467; x_wconf 90' lang='lat' dir='ltr'>maduit,</span> <span class='ocrx_word' id='word_1_96' title='bbox 770 2392 895 2455; x_wconf 91' lang='lat' dir='ltr'>domini</span> <span class='ocrx_word' id='word_1_97' title='bbox 911 2411 1000 2454; x_wconf 91' lang='lat' dir='ltr'>nunc</span> <span class='ocrx_word' id='word_1_98' title='bbox 1018 2391 1121 2453; x_wconf 90' lang='lat' dir='ltr'>caede</span> <span class='ocrx_word' id='word_1_99' title='bbox 1137 2390 1245 2453; x_wconf 91' lang='lat' dir='ltr'>made-</span> 
     </span>
     <span class='ocr_line' id='line_1_23' title="bbox 383 2503 440 2578; baseline -0.018 -12"><span class='ocrx_word' id='word_1_100' title='bbox 383 2503 440 2578; x_wconf 88' lang='lat' dir='ltr'>bit,</span> 
     </span>
    </p>

    <p class='ocr_par' dir='ltr' id='par_1_16' title="bbox 297 2614 1196 2698">
     <span class='ocr_line' id='line_1_24' title="bbox 297 2614 1196 2698; baseline -0.003 -20"><span class='ocrx_word' id='word_1_101' title='bbox 297 2637 338 2678; x_wconf 91' lang='lat' dir='ltr'>ne</span> <span class='ocrx_word' id='word_1_102' title='bbox 355 2616 529 2698; x_wconf 92' lang='lat' dir='ltr'>quisquam</span> <span class='ocrx_word' id='word_1_103' title='bbox 546 2617 687 2680; x_wconf 88' lang='lat' dir='ltr'>Aiacem</span> <span class='ocrx_word' id='word_1_104' title='bbox 703 2616 809 2697; x_wconf 91' lang='lat' dir='ltr'>possit</span> <span class='ocrx_word' id='word_1_105' title='bbox 826 2636 983 2697; x_wconf 88' lang='lat' dir='ltr'>superare</span> <span class='ocrx_word' id='word_1_106' title='bbox 999 2615 1063 2678; x_wconf 90' lang='lat' dir='ltr'>nisi</span> <span class='ocrx_word' id='word_1_107' title='bbox 1078 2614 1196 2677; x_wconf 89' lang='lat' dir='ltr'>Aiax.&#39;&#39;</span> 
     </span>
    </p>

    <p class='ocr_par' dir='ltr' id='par_1_17' title="bbox 298 2727 1306 2810">
     <span class='ocr_line' id='line_1_25' title="bbox 298 2727 1306 2810; baseline -0.003 -20"><span class='ocrx_word' id='word_1_108' title='bbox 298 2728 398 2804; x_wconf 66' lang='lat' dir='ltr'>Discit,</span> <span class='ocrx_word' id='word_1_109' title='bbox 416 2739 449 2791; x_wconf 91' lang='lat' dir='ltr'>et</span> <span class='ocrx_word' id='word_1_110' title='bbox 464 2728 498 2790; x_wconf 91' lang='lat' dir='ltr'>in</span> <span class='ocrx_word' id='word_1_111' title='bbox 516 2738 633 2810; x_wconf 90' lang='lat' dir='ltr'>pectus</span> <span class='ocrx_word' id='word_1_112' title='bbox 649 2739 720 2790; x_wconf 90' lang='lat' dir='ltr'>tum</span> <span class='ocrx_word' id='word_1_113' title='bbox 737 2729 870 2790; x_wconf 90' lang='lat' dir='ltr'>demum</span> <span class='ocrx_word' id='word_1_114' title='bbox 887 2727 1025 2790; x_wconf 91' lang='lat' dir='ltr'>vulnera</span> <span class='ocrx_word' id='word_1_115' title='bbox 1041 2746 1186 2808; x_wconf 92' lang='lat' dir='ltr'>passum,</span> <span class='ocrx_word' id='word_1_116' title='bbox 1275 2739 1306 2774; x_wconf 89' lang='lat'>¹0</span> 
     </span>
    </p>

    <p class='ocr_par' dir='ltr' id='par_1_18' title="bbox 297 2840 1088 2922">
     <span class='ocr_line' id='line_1_26' title="bbox 297 2840 1088 2922; baseline -0.003 -20"><span class='ocrx_word' id='word_1_117' title='bbox 297 2860 362 2922; x_wconf 92' lang='lat' dir='ltr'>qua</span> <span class='ocrx_word' id='word_1_118' title='bbox 378 2841 485 2922; x_wconf 88' lang='lat' dir='ltr'>patuit</span> <span class='ocrx_word' id='word_1_119' title='bbox 501 2842 635 2917; x_wconf 84' lang='lat' dir='ltr'>ferrum,</span> <span class='ocrx_word' id='word_1_120' title='bbox 654 2842 785 2904; x_wconf 88' lang='lat' dir='ltr'>letalem</span> <span class='ocrx_word' id='word_1_121' title='bbox 802 2840 948 2903; x_wconf 89' lang='lat' dir='ltr'>condidit</span> <span class='ocrx_word' id='word_1_122' title='bbox 963 2859 1088 2902; x_wconf 91' lang='lat' dir='ltr'>ensem.</span> 
     </span>
    </p>

    <p class='ocr_par' dir='ltr' id='par_1_19' title="bbox 298 2952 1099 3027">
     <span class='ocr_line' id='line_1_27' title="bbox 298 2952 1099 3027; baseline -0.001 -13"><span class='ocrx_word' id='word_1_123' title='bbox 298 2953 370 3015; x_wconf 91' lang='lat' dir='ltr'>Nec</span> <span class='ocrx_word' id='word_1_124' title='bbox 386 2952 520 3016; x_wconf 88' lang='lat' dir='ltr'>valuere</span> <span class='ocrx_word' id='word_1_125' title='bbox 536 2974 654 3016; x_wconf 86' lang='lat' dir='ltr'>manus</span> <span class='ocrx_word' id='word_1_126' title='bbox 670 2953 806 3015; x_wconf 88' lang='lat' dir='ltr'>infixum</span> <span class='ocrx_word' id='word_1_127' title='bbox 822 2953 963 3015; x_wconf 92' lang='lat' dir='ltr'>educere</span> <span class='ocrx_word' id='word_1_128' title='bbox 979 2953 1099 3027; x_wconf 87' lang='lat' dir='ltr'>telum;</span> 
     </span>
    </p>

    <p class='ocr_par' dir='ltr' id='par_1_20' title="bbox 296 3063 1229 3147">
     <span class='ocr_line' id='line_1_28' title="bbox 296 3063 1229 3147; baseline -0.002 -21"><span class='ocrx_word' id='word_1_129' title='bbox 296 3065 422 3145; x_wconf 90' lang='lat' dir='ltr'>expulit</span> <span class='ocrx_word' id='word_1_130' title='bbox 438 3065 509 3147; x_wconf 90' lang='lat' dir='ltr'>ipse</span> <span class='ocrx_word' id='word_1_131' title='bbox 525 3086 629 3128; x_wconf 87' lang='lat' dir='ltr'>cruor.</span> <span class='ocrx_word' id='word_1_132' title='bbox 679 3065 936 3146; x_wconf 86' lang='lat' dir='ltr'>Rubelactaque</span> <span class='ocrx_word' id='word_1_133' title='bbox 953 3063 1116 3145; x_wconf 87' lang='lat' dir='ltr'>sanguine</span> <span class='ocrx_word' id='word_1_134' title='bbox 1132 3063 1229 3125; x_wconf 88' lang='lat' dir='ltr'>tellus</span> 
     </span>
    </p>
   </div>
   <div class='ocr_carea' id='block_1_7' title="bbox 292 3249 1302 3807">
    <p class='ocr_par' dir='ltr' id='par_1_21' title="bbox 338 3249 1162 3315">
     <span class='ocr_line' id='line_1_29' title="bbox 338 3249 1162 3315; baseline -0.002 -17"><span class='ocrx_word' id='word_1_135' title='bbox 338 3250 391 3299; x_wconf 89' lang='lat'>108.</span> <span class='ocrx_word' id='word_1_136' title='bbox 404 3252 568 3312; x_wconf 81' lang='lat' dir='ltr'>agricolam</span> <span class='ocrx_word' id='word_1_137' title='bbox 581 3271 586 3299; x_wconf 94' lang='lat'><strong>:</strong></span> <span class='ocrx_word' id='word_1_138' title='bbox 605 3252 647 3300; x_wconf 86' lang='lat' dir='ltr'>the</span> <span class='ocrx_word' id='word_1_139' title='bbox 660 3259 759 3300; x_wconf 85' lang='lat' dir='ltr'>servant</span> <span class='ocrx_word' id='word_1_140' title='bbox 771 3251 828 3299; x_wconf 87' lang='lat' dir='ltr'>who</span> <span class='ocrx_word' id='word_1_141' title='bbox 840 3251 892 3299; x_wconf 85' lang='lat' dir='ltr'>had</span> <span class='ocrx_word' id='word_1_142' title='bbox 903 3250 1007 3315; x_wconf 85' lang='lat' dir='ltr'>planted</span> <span class='ocrx_word' id='word_1_143' title='bbox 1018 3249 1062 3298; x_wconf 89' lang='lat' dir='ltr'>the</span> <span class='ocrx_word' id='word_1_144' title='bbox 1074 3256 1162 3297; x_wconf 87' lang='lat' dir='ltr'>secret.</span> 
     </span>
    </p>

    <p class='ocr_par' dir='ltr' id='par_1_22' title="bbox 292 3330 1302 3807">
     <span class='ocr_line' id='line_1_30' title="bbox 335 3330 1245 3396; baseline -0.002 -17"><span class='ocrx_word' id='word_1_145' title='bbox 335 3333 432 3381; x_wconf 92' lang='lat' dir='ltr'><strong>XLIII.</strong></span> <span class='ocrx_word' id='word_1_146' title='bbox 457 3333 527 3381; x_wconf 80' lang='lat' dir='ltr'>Alter</span> <span class='ocrx_word' id='word_1_147' title='bbox 536 3334 579 3382; x_wconf 86' lang='lat' dir='ltr'>the</span> <span class='ocrx_word' id='word_1_148' title='bbox 590 3335 666 3382; x_wconf 90' lang='lat' dir='ltr'>death</span> <span class='ocrx_word' id='word_1_149' title='bbox 675 3335 705 3382; x_wconf 87' lang='lat' dir='ltr'>os</span> <span class='ocrx_word' id='word_1_150' title='bbox 714 3334 832 3391; x_wconf 89' lang='lat' dir='ltr'>Achilles,</span> <span class='ocrx_word' id='word_1_151' title='bbox 841 3334 903 3396; x_wconf 88' lang='lat' dir='ltr'>Ajax</span> <span class='ocrx_word' id='word_1_152' title='bbox 915 3334 964 3381; x_wconf 87' lang='lat' dir='ltr'>and</span> <span class='ocrx_word' id='word_1_153' title='bbox 974 3333 1076 3395; x_wconf 86' lang='lat' dir='ltr'>Ulysses</span> <span class='ocrx_word' id='word_1_154' title='bbox 1088 3331 1197 3380; x_wconf 89' lang='lat' dir='ltr'>contend</span> <span class='ocrx_word' id='word_1_155' title='bbox 1207 3330 1245 3378; x_wconf 84' lang='lat' dir='ltr'>lor</span> 
     </span>
     <span class='ocr_line' id='line_1_31' title="bbox 292 3413 1245 3480; baseline -0.001 -18"><span class='ocrx_word' id='word_1_156' title='bbox 292 3413 332 3462; x_wconf 89' lang='lat' dir='ltr'>his</span> <span class='ocrx_word' id='word_1_157' title='bbox 344 3430 417 3462; x_wconf 88' lang='lat' dir='ltr'>arms.</span> <span class='ocrx_word' id='word_1_158' title='bbox 451 3415 553 3477; x_wconf 89' lang='lat' dir='ltr'>Ulysses</span> <span class='ocrx_word' id='word_1_159' title='bbox 566 3417 586 3464; x_wconf 87' lang='lat' dir='ltr'>is</span> <span class='ocrx_word' id='word_1_160' title='bbox 598 3417 724 3479; x_wconf 87' lang='lat' dir='ltr'>adjudged</span> <span class='ocrx_word' id='word_1_161' title='bbox 738 3416 880 3480; x_wconf 87' lang='lat' dir='ltr'>champion,</span> <span class='ocrx_word' id='word_1_162' title='bbox 892 3416 1047 3479; x_wconf 88' lang='lat' dir='ltr'>whereupon</span> <span class='ocrx_word' id='word_1_163' title='bbox 1059 3415 1122 3476; x_wconf 80' lang='lat' dir='ltr'>Ajax</span> <span class='ocrx_word' id='word_1_164' title='bbox 1133 3414 1245 3476; x_wconf 85' lang='lat' dir='ltr'>destroys</span> 
     </span>
     <span class='ocr_line' id='line_1_32' title="bbox 292 3497 1302 3565; baseline -0.002 -21"><span class='ocrx_word' id='word_1_165' title='bbox 292 3497 398 3545; x_wconf 86' lang='lat' dir='ltr'>himself.</span> <span class='ocrx_word' id='word_1_166' title='bbox 450 3511 469 3546; x_wconf 87' lang='lat'>1.</span> <span class='ocrx_word' id='word_1_167' title='bbox 492 3511 668 3559; x_wconf 80' lang='lat' dir='ltr'>procerum:</span> <span class='ocrx_word' id='word_1_168' title='bbox 692 3501 724 3565; x_wconf 84' lang='lat' dir='ltr'>of</span> <span class='ocrx_word' id='word_1_169' title='bbox 739 3501 778 3547; x_wconf 82' lang='lat' dir='ltr'>the</span> <span class='ocrx_word' id='word_1_170' title='bbox 798 3497 1082 3565; x_wconf 69' lang='lat' dir='ltr'>chiesa—iacundla:</span> <span class='ocrx_word' id='word_1_171' title='bbox 1109 3497 1244 3560; x_wconf 76' lang='lat' dir='ltr'>eloquente.</span> <span class='ocrx_word' id='word_1_172' title='bbox 1295 3522 1302 3532; x_wconf 92' lang='lat'><strong>·</strong></span> 
     </span>
     <span class='ocr_line' id='line_1_33' title="bbox 293 3578 1241 3646; baseline -0.001 -18"><span class='ocrx_word' id='word_1_173' title='bbox 293 3594 316 3629; x_wconf 85' lang='lat'>2.</span> <span class='ocrx_word' id='word_1_174' title='bbox 334 3581 479 3629; x_wconf 66' lang='lat' dir='ltr'>disertum</span> <span class='ocrx_word' id='word_1_175' title='bbox 493 3582 624 3645; x_wconf 76' lang='lat' dir='ltr'>tkestuent</span> <span class='ocrx_word' id='word_1_176' title='bbox 633 3583 742 3645; x_wconf 83' lang='lat' dir='ltr'>speaker.</span> <span class='ocrx_word' id='word_1_177' title='bbox 767 3595 788 3646; x_wconf 83' lang='lat'>5.</span> <span class='ocrx_word' id='word_1_178' title='bbox 801 3594 918 3631; x_wconf 70' lang='lat' dir='ltr'>ensem:</span> <span class='ocrx_word' id='word_1_179' title='bbox 928 3582 1053 3646; x_wconf 82' lang='lat' dir='ltr'>gladium.</span> <span class='ocrx_word' id='word_1_180' title='bbox 1077 3580 1100 3629; x_wconf 90' lang='lat'>8.</span> <span class='ocrx_word' id='word_1_181' title='bbox 1112 3578 1241 3628; x_wconf 79' lang='lat' dir='ltr'>madult:</span> 
     </span>
     <span class='ocr_line' id='line_1_34' title="bbox 292 3663 1245 3731; baseline -0.001 -21"><span class='ocrx_word' id='word_1_182' title='bbox 292 3671 408 3712; x_wconf 82' lang='lat' dir='ltr'>waswet.</span> <span class='ocrx_word' id='word_1_183' title='bbox 457 3676 493 3711; x_wconf 88' lang='lat'>11.</span> <span class='ocrx_word' id='word_1_184' title='bbox 517 3677 576 3726; x_wconf 84' lang='lat' dir='ltr'>qua</span> <span class='ocrx_word' id='word_1_185' title='bbox 593 3701 600 3713; x_wconf 90' lang='lat'><strong>.</strong></span> <span class='ocrx_word' id='word_1_186' title='bbox 619 3702 624 3713; x_wconf 94' lang='lat'>.</span> <span class='ocrx_word' id='word_1_187' title='bbox 644 3666 792 3714; x_wconf 70' lang='lat' dir='ltr'>‚lenum</span> <span class='ocrx_word' id='word_1_188' title='bbox 816 3666 856 3714; x_wconf 78' lang='lat' dir='ltr'>the</span> <span class='ocrx_word' id='word_1_189' title='bbox 865 3666 924 3731; x_wconf 83' lang='lat' dir='ltr'>full</span> <span class='ocrx_word' id='word_1_190' title='bbox 936 3664 1017 3728; x_wconf 80' lang='lat' dir='ltr'>length</span> <span class='ocrx_word' id='word_1_191' title='bbox 1033 3664 1065 3728; x_wconf 84' lang='lat' dir='ltr'>of</span> <span class='ocrx_word' id='word_1_192' title='bbox 1070 3663 1108 3710; x_wconf 82' lang='lat' dir='ltr'>the</span> <span class='ocrx_word' id='word_1_193' title='bbox 1128 3663 1245 3710; x_wconf 68' lang='lat' dir='ltr'>blada.—</span> 
     </span>
     <span class='ocr_line' id='line_1_35' title="bbox 292 3745 969 3807; baseline 0.004 -14"><span class='ocrx_word' id='word_1_194' title='bbox 292 3745 431 3794; x_wconf 79' lang='lat' dir='ltr'>letalem:</span> <span class='ocrx_word' id='word_1_195' title='bbox 449 3746 543 3805; x_wconf 85' lang='lat' dir='ltr'>deadly.</span> <span class='ocrx_word' id='word_1_196' title='bbox 581 3758 618 3807; x_wconf 87' lang='lat'>13.</span> <span class='ocrx_word' id='word_1_197' title='bbox 635 3747 822 3797; x_wconf 71' lang='lat' dir='ltr'>Rubelaota:</span> <span class='ocrx_word' id='word_1_198' title='bbox 841 3747 969 3796; x_wconf 68' lang='lat' dir='ltr'>redamat</span> 
     </span>
    </p>
   </div>
   <div class='ocr_carea' id='block_1_8' title="bbox 0 0 1503 4368">
    <p class='ocr_par' dir='ltr' id='par_1_23' title="bbox 0 0 1503 4368">
     <span class='ocr_line' id='line_1_36' title="bbox 0 0 1503 4368; baseline 0 0"><span class='ocrx_word' id='word_1_199' title='bbox 0 0 1503 4368; x_wconf 95' lang='lat' dir='ltr'> </span> 
     </span>
    </p>
   </div>
  </div>
 </body>
</html>
