2996 4368
459 308 663 396 nonnius
693 338 782 396 ann
813 339 953 397 nunus
1110 349 1176 424 109

163 532 196 586 ¹5
226 521 299 584 “At
308 541 408 603 quarn
420 521 649 587 suntsimiles!
667 522 716 585 At
724 543 824 605 quarn
838 524 1005 588 ionnosus
1017 525 1176 607 uterquel

158 691 161 696 .
270 634 346 696 Plus
358 643 471 697 tamen
488 655 528 697 ex
544 635 607 698 illis
623 635 686 698 iste
700 635 824 716 vigoris
841 635 950 699 habet.

225 746 261 810 Si
277 759 383 827 genus
400 746 549 828 arguitur
565 749 666 822 voltu,
684 747 749 811 nisi
765 747 852 811 fallit
868 748 989 831 imago,

268 858 380 922 nescio
396 879 495 941 quem
511 859 606 923 vobis
623 860 772 941 suspicer
788 879 863 925 esse
879 862 1033 924 deum-

223 969 273 1033 At
288 971 316 1034 si
330 972 405 1052 quis
421 981 550 1036 vestrae
566 972 649 1036 deus
664 982 753 1036 esset
767 973 904 1055 originis
920 983 1045 1053 auctor,

161 1105 196 1141 κο
266 1084 300 1144 in
315 1093 385 1145 tam
402 1083 575 1165 praecipiti
590 1094 741 1166 tempore
758 1085 861 1149 ferret
877 1107 985 1168 opem.

225 1197 342 1259 Ferret
357 1215 454 1278 opem
469 1204 559 1259 certe
575 1197 603 1260 si
619 1217 686 1260 non
703 1200 768 1280 op‘e
785 1209 891 1262 mater
907 1208 1031 1281 egeret,

267 1329 352 1391 quae
369 1309 460 1372 facta
475 1319 526 1373 est
542 1329 608 1374 uno
625 1319 732 1373 mater
747 1319 781 1374 et
797 1311 878 1375 orba
894 1311 957 1374 die.

225 1421 315 1484 Nata
331 1420 438 1496 simul,
456 1423 616 1485 moritura
632 1424 739 1500 simul,
757 1423 854 1487 simul
870 1422 914 1487 ite
931 1423 993 1487 sub
1009 1423 1117 1488 undas

270 1534 439 1614 corpora.''
482 1534 645 1611 Desierat,
663 1535 885 1619 deposuitque
901 1537 984 1599 sinu.

162 1667 196 1720 ²5
223 1645 411 1726 Vagierunt
426 1646 525 1709 ambo
544 1648 676 1729 pariter,
698 1648 842 1711 sensisse
859 1657 1003 1731 putares.

270 1757 318 1820 Hi
333 1757 474 1822 redeunt
490 1760 564 1824 udis
580 1761 614 1823 in
631 1781 692 1823 sua
708 1770 796 1824 tecta
811 1761 916 1843 genis

225 1869 376 1935 Sustinet
391 1870 563 1954 impositos
580 1893 710 1936 summa
725 1894 826 1936 cavus
843 1872 957 1936 alveus
974 1872 1072 1936 unda.

270 1983 348 2046 Heu
365 1994 526 2066 quantum
544 1986 605 2048 tati
621 2006 724 2067 parva
739 1985 862 2048 tabella
877 1985 969 2048 tulit!
1001 2013 1003 2018 ·

224 2096 354 2159 Alveus
370 2096 404 2158 in
420 2096 499 2160 limo
517 2097 607 2160 silvis
624 2099 786 2180 adpulsus
802 2098 915 2180 opacis

163 2233 197 2286 30
274 2208 433 2290 paulatim
450 2210 549 2273 fluvio
566 2211 739 2274 deficiente
755 2211 857 2274 sedet.

224 2321 337 2385 Arbor
353 2332 432 2385 erat.
483 2324 673 2386 Remanent
689 2322 841 2405 vestigia,
858 2341 1009 2404 quaeque
1024 2330 1161 2384 vocatur

271 2435 416 2497 Rumina
432 2455 521 2499 nunc
537 2435 628 2511 ficus,
648 2435 792 2498 Romula
808 2436 889 2497 iicus
905 2443 984 2496 erat.

224 2546 327 2609 Venit
344 2548 387 2609 ad
402 2548 570 2629 expositos
584 2544 718 2630 (mirum
728 2545 752 2629 !)
766 2547 844 2628 lupa
861 2546 930 2608 feta
946 2545 1115 2627 gemellos
1193 2547 1246 2594 Th·

271 2658 354 2741 Quis
371 2659 485 2722 credat
501 2660 612 2741 pueris
628 2680 694 2722 non
711 2658 863 2721 nocuisse
880 2657 1010 2720 feram?
1193 2619 1262 2669 Μ

164 2788 198 2843 35
227 2770 305 2832 Non
328 2770 482 2835 nocuisse
501 2792 618 2854 parurn
638 2780 708 2846 est;
736 2771 872 2853 prodest
895 2789 1035 2853 quoque.
1082 2768 1177 2851 Quos

314 2883 393 2964 lupa
408 2883 521 2960 nutrit,

271 2996 410 3077 perdere
426 3005 590 3077 cognatae
607 2995 792 3059 sustinuere
808 3014 935 3056 manus.

227 3107 384 3172 Constitit
400 3118 433 3172 et
449 3109 556 3172 cauda
571 3109 694 3172 teneris
711 3106 880 3170 blanditur
895 3103 1047 3180 alumnis,

271 3229 304 3283 et
320 3219 416 3302 fingit
431 3221 546 3302 lingua
563 3240 703 3302 corpora
719 3219 798 3283 bina
814 3239 882 3282 sua.

230 3333 340 3395 Marte
357 3341 447 3395 satos
463 3333 583 3408 scires;
607 3333 706 3394 timor
722 3332 814 3394 afuit.
863 3329 977 3394 Ubera
993 3328 1119 3391 ducunt

166 3470 199 3518 40
272 3464 333 3507 nec
351 3443 413 3507 sibi
429 3444 584 3526 promissi
600 3444 695 3506 lactis
711 3443 845 3505 aluntur
861 3461 934 3523 ope.

230 3555 294 3618 Illa
310 3556 382 3619 loco
402 3575 525 3618 nomen
541 3555 630 3631 fecit,
648 3555 740 3618 locus
757 3555 828 3635 ipse
847 3552 1017 3634 Lupercis.

275 3669 403 3748 Magna
419 3666 487 3729 dati
503 3667 614 3730 nutrix
630 3667 780 3750 praemia
796 3664 890 3728 lactis
908 3663 1017 3726 habet.
