2948 4368
438 325 644 384 saronas
675 323 901 383 nnnnsrups
1095 333 1146 417 71¹

190 505 297 570 altera
314 507 415 571 solari
430 507 583 572 miseram
601 517 721 572 conata
737 515 908 589 parentem

190 618 351 694 conticuit
368 619 487 697 subito,
506 620 741 703 dupIIcataque
756 619 893 684 vulnere
909 639 1009 684 caeco
1025 628 1084 684 est

193 733 291 796 Haec
307 733 431 796 frustra
448 734 582 815 fugiens
598 731 793 808 conlabitur,
811 731 867 794 illa
883 731 987 796 sorori

190 844 394 923 immoritur;
419 845 499 909 latet
515 845 607 921 haec,
625 844 715 907 illam
731 843 898 926 trepidare
913 843 1052 907 videres.

131 979 182 1034 150
236 958 369 1040 Sexque
384 957 470 1022 datis
487 957 553 1022 leto
569 957 765 1039 diversaque
781 957 919 1020 vulnera
935 955 1051 1037 passis,

191 1070 310 1133 ultima
324 1070 489 1149 restabat;
513 1091 613 1154 quam
630 1080 700 1135 toto
716 1091 854 1153 corpore
870 1081 985 1149 mater,

191 1191 263 1246 tota
277 1192 370 1246 veste
386 1193 513 1265 tegens,
533 1185 677 1250 “Unam
694 1183 933 1266 minimamque
949 1184 1116 1267 relinque!

193 1295 249 1358 De
265 1294 376 1358 multis
392 1294 563 1358 minimam
580 1295 713 1377 posco,'’
732 1296 897 1372 clamavit,
916 1302 977 1360 “et
993 1296 1125 1359 unam.’'

192 1406 351 1488 Dumque
364 1417 467 1489 rogat,
482 1428 543 1489 pro
557 1428 623 1490 qua
640 1417 736 1490 rogat
748 1407 877 1473 occidit.
921 1407 1014 1473 Orba
1025 1409 1148 1472 resedit

131 1541 179 1594 155
191 1519 354 1582 exanimis
369 1521 455 1582 inter
470 1530 566 1584 natos
582 1530 743 1603 natasque
759 1521 941 1603 virumque,

191 1631 405 1712 deriguitque
422 1632 526 1696 malis.
564 1633 683 1695 Nullos
700 1641 810 1696 movet
826 1652 906 1695 aura
922 1632 1069 1715 capillos,

191 1744 227 1805 in
243 1743 339 1806 vultu
355 1743 445 1807 color
461 1744 598 1808 estsine
616 1747 789 1827 sanguine,
807 1745 932 1808 lumina
949 1745 1084 1808 maestis

191 1864 286 1919 stant
301 1855 437 1918 immota
453 1855 557 1937 genis,
575 1856 658 1919 nihil
674 1866 725 1919 est
742 1857 774 1919 in
791 1857 936 1938 imagine
951 1858 1072 1921 vivum.

192 1969 277 2050 Ipsa
294 1988 424 2050 quoque
440 1970 579 2032 interius
594 1989 670 2032 cum
687 1970 769 2032 duro
786 1969 900 2050 lingua
916 1970 1028 2051 palato

132 2089 179 2140 160
191 2080 360 2162 congelat,
378 2090 412 2144 et
426 2101 532 2144 venae
549 2081 713 2144 desistunt
729 2101 829 2163 posse
845 2081 978 2145 moveri.

192 2193 270 2256 Nec
286 2191 375 2256 flecti
391 2194 507 2268 cervix,
525 2213 587 2256 nec
602 2192 758 2256 bracchia
774 2193 912 2257 reddere
929 2203 1047 2268 motus
1165 2196 1217 2244 sne

191 2325 258 2368 nec
270 2323 331 2385 pes
343 2305 390 2368 ire
406 2310 525 2388 potest,
539 2303 625 2368 intra
641 2326 774 2388 quoque
786 2305 913 2369 viscera
930 2326 1044 2368 saxum
1062 2315 1121 2368 est.
1164 2273 1278 2394 fflu

240 2417 318 2480 Flet
333 2425 455 2493 tamen,
472 2426 505 2480 et
519 2416 621 2479 validi
638 2418 840 2480 circumdata
856 2417 987 2481 turbine
1002 2417 1094 2480 venti

192 2528 229 2592 in
246 2527 389 2611 patriam
406 2538 502 2611 rapta
517 2538 580 2592 est..
625 2529 677 2591 Ibi
694 2530 757 2592 fixa
773 2531 944 2593 cacumine
960 2529 1081 2592 montis

135 2650 181 2718 165
193 2640 342 2724 liquitur,
358 2650 393 2704 et
407 2642 559 2705 lacrimas
575 2640 674 2704 etiam
691 2662 779 2705 nunc
796 2661 961 2705 marmora
977 2650 1122 2704 manant.

604 2900 741 2928 —000—

292 3116 408 3218 XIII.
448 3116 713 3188 LATONA'S
743 3117 1055 3217 HARDSHIPS

167 3359 169 3365 -
243 3314 382 3396 Iamque
413 3313 685 3389 Chimaeriferae,
718 3333 793 3376 cum
825 3314 873 3376 sol
903 3313 1014 3395 gravis
1038 3323 1148 3377 ureret

285 3445 373 3500 arva,

197 3536 319 3600 finibus
334 3538 368 3599 in
387 3537 510 3622 Lyciae
526 3537 626 3619 longo
642 3538 705 3600 dea
721 3537 811 3601 fessa
826 3536 949 3601 labore

198 3649 327 3722 sidereo
343 3649 466 3713 siccata
482 3649 569 3713 sitim
587 3649 731 3730 conlegit
747 3649 788 3712 ab
805 3659 918 3725 aestu;

199 3762 285 3825 lorte
301 3762 410 3824 lacum
426 3759 601 3825 mediocris
617 3781 723 3844 aquae
739 3761 908 3844 prospexit
924 3761 957 3824 in
973 3761 1047 3826 imis
