2948 4368
317 351 365 421 60
554 362 804 420 sunuc‘rrous
834 362 952 419 mom
983 361 1087 418 ovu)
1150 422 1154 429 ,

318 545 446 627 Perque
462 545 555 608 lacus
571 545 655 608 altos
672 554 705 608 et
721 545 843 608 olentia
860 544 986 607 sulfure
1003 545 1108 606 fertur
1296 559 1327 625 65

315 666 438 740 stagna
455 657 649 733 Palicorum,
666 667 766 739 rupta
782 658 946 721 ferventia
960 666 1067 730 terra3

315 779 432 853 etqua
449 771 668 847 Bacchiadae,
685 770 803 833 bimari
819 789 903 850 gens
920 778 993 832 orta
1009 766 1180 843 Corintho,

316 882 403 947 inter
417 883 601 967 inaequalis
618 891 802 966 posuerunt
818 881 949 946 moenia
965 890 1089 963 portus.

363 997 424 1059 Est
440 997 585 1059 medium
602 996 736 1080 Cyanes
752 1003 785 1058 et
802 994 939 1057 Pisaeae
956 993 1155 1068 Arethusae,

318 1109 407 1191 quod
422 1108 489 1172 coit
504 1107 657 1189 angustis
669 1107 834 1169 inclusum
851 1105 1007 1169 cornibus
1023 1124 1154 1188 aequor.
1294 1127 1325 1174 70

319 1221 385 1283 Hic
396 1220 469 1296 fuit,
480 1242 500 1283 a
512 1220 605 1284 cuius
619 1229 775 1301 stagnum
786 1238 918 1302 quoque
928 1219 1061 1280 nomine
1071 1217 1195 1280 dictum
1206 1224 1265 1292 est,

317 1332 403 1395 inter
420 1332 580 1396 Sicelidas
599 1333 715 1417 Cyane
727 1329 948 1395 celeberrima
963 1330 1138 1414 nymphas.

318 1445 457 1525 Gurgite
473 1465 559 1527 quae
575 1445 684 1508 medio
701 1463 832 1506 summa
847 1451 946 1506 tenus
961 1443 1085 1505 exstitit
1101 1442 1185 1517 alvo,

317 1557 520 1638 agnovitque
536 1558 642 1620 deam.
692 1561 711 1589 “
724 1558 796 1619 Nec
814 1555 946 1637 longius
962 1553 1081 1630 ibitis,”
1099 1553 1222 1635 inquit;

319 1673 415 1732 “non
432 1679 528 1751 potes
542 1668 666 1732 invitae
683 1669 813 1733 Cereris
830 1687 935 1750 gener
951 1687 1033 1730 esse.
1091 1665 1265 1746 Roganda‚
1293 1688 1325 1741 75

317 1800 385 1843 non
401 1781 561 1862 rapienda
576 1781 648 1844 fuit.
696 1780 795 1862 Quod
813 1780 841 1843 si
856 1798 1058 1859 componere
1074 1777 1206 1859 magnis

319 1912 421 1973 parva
437 1892 518 1955 mihi
532 1893 586 1955 fas
602 1902 662 1969 est,
680 1903 719 1984 et¹
730 1912 783 1955 me
799 1892 913 1955 dilexit
929 1891 1081 1972 Anapis;

318 2014 452 2068 exorata
467 2014 589 2080 tamen,
607 2025 678 2081 nec,
696 2014 732 2067 ut
748 2006 840 2080 haec,
858 2002 1014 2067 exterrita
1029 2002 1160 2084 nupsi.”

320 2116 421 2192 Dixit,
439 2126 472 2180 et
488 2117 521 2178 in
539 2117 642 2198 partis
658 2116 806 2182 diversas
822 2115 979 2179 bracchia
994 2116 1137 2178 tendens

318 2228 453 2292 obstitit.
502 2228 604 2291 Haud
620 2229 706 2290 ultra
721 2231 828 2292 tenuit
845 2229 1021 2292 Saturnius
1037 2229 1128 2304 iram,
1293 2225 1328 2276 80

317 2339 537 2422 terribilisque
553 2341 705 2403 hortatus
720 2360 824 2422 equos
839 2340 873 2403 in
890 2339 1031 2422 gurgitis
1047 2338 1115 2402 ima

304 2462 506 2530 ¹contortum
521 2452 632 2515 valido
649 2462 818 2533 sceptrum
834 2453 947 2533 regale
963 2452 1087 2516 lacerto

317 2563 474 2628 condidit.
523 2565 595 2627 Icta
609 2563 695 2626 viam
713 2564 811 2627 tellus
827 2564 861 2627 in
877 2566 1018 2627 Tartara
1034 2564 1114 2627 fecit

316 2686 351 2740 et
368 2696 491 2758 pronos
507 2696 623 2739 currus
639 2675 748 2738 medio
765 2686 892 2740 cratere
908 2678 1042 2759 recepit.

361 2788 409 2851 At
426 2788 541 2872 Cyane
558 2797 754 2871 raptamque
770 2788 868 2852 deam
885 2798 1144 2871 contemptaque
1159 2785 1263 2851 fontis
1294 2795 1328 2861 85

316 2902 389 2962 iura
404 2901 456 2964 sui
471 2920 633 2975 maerens,
652 2900 889 2965 inconsolabile
906 2902 1027 2965 vulnus

317 3023 428 3076 mente
444 3014 530 3094 gerit
544 3012 646 3075 tacita
662 3012 871 3096 lacrimisque
888 3013 1072 3076 absumitur
1087 3011 1213 3089 omnis;

317 3134 351 3187 et
366 3144 505 3206 quarum
521 3124 633 3187 fuerat
649 3145 808 3205 magnum
825 3125 924 3188 modo
941 3145 1074 3200 numen,
1092 3124 1125 3186 in
1142 3124 1215 3187 illas

316 3244 512 3298 extenuatur
528 3245 641 3318 aquas
690 3237 814 3300 Molliri
830 3236 979 3300 membra
994 3236 1133 3311 videreS,

317 3367 393 3410 ossa
408 3349 479 3430 pati
494 3347 608 3424 flexus,
625 3347 747 3429 unguis
763 3348 915 3430 posuisse
930 3348 1083 3428 rigorem,
1298 3371 1331 3420 90

317 3458 490 3541 primaque
506 3460 548 3522 de
564 3469 634 3522 tota
651 3460 847 3522 tenuissima
864 3480 1015 3543 quaeque
1032 3460 1228 3542 liquescunt,

317 3572 461 3635 caerulei
477 3574 584 3634 crines
600 3571 760 3654 digitique
777 3582 809 3636 et
823 3593 918 3635 crura
934 3573 1121 3654 pedesque;

317 3705 396 3747 nam
407 3683 521 3747 brevis
537 3683 571 3745 in
587 3683 715 3764 gelidas
731 3684 889 3747 membris
905 3683 1043 3747 exilibus
1060 3683 1166 3745 undas

316 3796 474 3860 transitus
490 3805 550 3859 est.
599 3797 675 3858 Post
690 3797 773 3859 haec
790 3798 895 3860 umeri
910 3804 1091 3878 tergusque
1114 3796 1269 3877 latusque
