2948 4368
112 1213 267 1262 Andromeda

112 1287 181 1336 freed

310 355 356 429 54
510 346 761 404 SELECTIONS
791 347 909 404 FROM
941 347 1046 404 OVID

306 530 470 594 stantibus
486 540 595 594 exstat
611 533 715 612 aquis,
733 533 880 613 operitur
896 519 938 593 ab
955 550 1098 612 aequore
1114 539 1213 593 moto.

308 643 415 706 Nixus
430 663 470 706 eo
487 643 644 725 rupisque
660 653 779 706 tenens
795 646 874 724 iuga
891 645 998 725 prima
1015 642 1146 705 sinistra

306 764 357 819 ter
373 765 489 839 quater
504 755 615 836 exegit
630 757 774 838 repetita
790 776 850 838 per
866 756 920 818 ilia
936 756 1071 818 ferrum.
1283 769 1315 816 70

307 868 421 931 Litora
437 888 512 930 cum
529 868 648 949 plausu
664 868 788 930 clamor
805 888 1010 950 superasque
1026 868 1163 930 deorum

304 980 485 1062 implevere
501 980 626 1044 domos.
675 981 831 1044 Gaudent
842 1000 1070 1061 generumque
1087 971 1242 1054 salutant,

305 1092 528 1173 auxiliumque
544 1093 662 1155 domus
678 1101 945 1174 servatoremque
962 1093 1110 1156 fatentur

306 1205 465 1286 Cassiope
482 1205 703 1286 Cepheusque
719 1215 822 1287 pater.
872 1205 1031 1267 Resoluta
1046 1203 1172 1266 catenis

304 1316 427 1380 incedit
441 1319 545 1398 virgo,
563 1317 772 1399 pretiumque
788 1326 821 1379 et
837 1337 938 1379 causa
954 1316 1084 1379 laboris
1283 1329 1314 1382 75

348 1430 427 1511 Ipse
443 1449 561 1490 manus
578 1429 698 1491 hausta
712 1428 864 1492 victrices
881 1428 985 1491 abluit
1001 1429 1110 1504 unda;

302 1542 580 1623 anguiferumque
596 1550 697 1622 caput
712 1541 796 1603 dura
811 1561 854 1604 ne
870 1541 981 1603 laedat
997 1541 1132 1615 harena,

302 1655 407 1717 mollit
423 1655 558 1716 humum
576 1653 665 1716 foliis
682 1662 844 1734 natasque
861 1653 921 1715 sub
938 1673 1081 1734 aequore
1096 1652 1207 1733 virgas

302 1766 428 1841 sternit,
446 1775 479 1828 et
496 1765 636 1847 imponit
653 1765 880 1849 Phorcynidos
897 1786 955 1828 ora
972 1765 1143 1828 Medusae,

301 1880 407 1960 Virga
422 1898 538 1940 recens
555 1877 733 1958 bibulaque
750 1875 941 1939 etiamnunc
957 1875 1033 1936 viva
1050 1874 1195 1936 medulla
1281 1887 1313 1936 80

300 1993 366 2053 vim
383 1992 494 2072 rapuit
509 1989 658 2065 monstri,
675 1998 833 2070 tactuque
849 1988 996 2050 induruit
1012 1987 1119 2063 huius,

301 2101 515 2186 percepitque
532 2121 654 2164 novum
671 2102 772 2162 ramis
788 2111 821 2163 et
836 2100 957 2162 fronde
974 2100 1126 2180 rigorem.

301 2216 349 2279 At
365 2214 477 2298 pelagi
493 2214 662 2298 nymphae
679 2214 806 2276 factum
823 2212 974 2275 mirabile
990 2222 1156 2294 temptant

301 2327 450 2409 pluribus
466 2328 500 2404 in
516 2327 628 2406 virgiS,
645 2334 679 2388 et
693 2326 782 2388 idem
798 2325 993 2406 contingere
1009 2325 1166 2405 gaudent,

300 2441 493 2520 seminaque
510 2459 551 2501 ex
565 2437 629 2500 illis
645 2439 767 2500 iterant
782 2439 905 2500 iactata
921 2457 981 2519 per
998 2437 1113 2499 undas.
1280 2438 1312 2504 85

302 2552 401 2614 Nunc
418 2571 551 2632 quoque
566 2549 698 2612 curaliis
714 2550 832 2613 eadem
849 2558 968 2611 natura
983 2549 1151 2624 remansit,

301 2664 455 2726 duritiam
472 2672 561 2726 tacto
578 2661 713 2743 capiant
729 2670 765 2723 ut
781 2660 823 2723 ab
839 2669 924 2736 ae‘re,
943 2661 1099 2742 quodque

300 2776 410 2839 vimen
426 2775 460 2836 in
477 2793 622 2856 aequore
638 2783 718 2848 erat,
737 2774 794 2836 fiat
811 2793 911 2855 super
927 2793 1072 2854 aequora
1089 2792 1213 2836 saxum.

346 2888 409 2950 Dis
424 2886 529 2949 tribus
545 2887 600 2948 ille
617 2886 712 2948 focos
728 2885 867 2948 totidem
884 2885 925 2948 de
941 2887 1087 2966 caespite
1104 2885 1207 2966 ponit,

301 3001 432 3064 laevum
449 3000 626 3074 Mercuri0,
644 2998 797 3060 dextrum
813 2998 882 3073 tibi,
900 2999 1023 3094 bellica*
1036 2995 1149 3076 virgo;
1284 3023 1318 3070 90

302 3132 359 3174 ara
377 3112 465 3174 Iovis
482 3110 667 3174 mediaest.
717 3112 885 3172 Mactatur
900 3130 1003 3172 vacca
1019 3108 1202 3184 Minervae,

302 3223 424 3304 alipedi
440 3223 572 3297 vitulus,
590 3231 705 3284 taurus
720 3222 788 3297 tibi,
806 3241 935 3284 summe
952 3223 1100 3284 deorum.

251 3333 254 3344 '
305 3333 457 3398 Protinus
474 3334 715 3396 Andromedan
730 3343 764 3396 et
779 3333 864 3396 tanti
880 3335 1028 3415 praemia
1043 3333 1125 3395 facti

304 3448 454 3510 indotata
470 3446 563 3527 rapit.
611 3446 744 3508 Taedas
762 3447 979 3530 Hymenaeus
996 3445 1168 3527 Amorque

306 3558 527 3641 praecutiunt,
544 3558 646 3638 largis
663 3560 825 3620 satiantur
841 3557 998 3620 odoribus
1014 3558 1119 3638 ignes,
1283 3572 1316 3625 95

307 3680 462 3752 sertaque
478 3670 670 3751 dependent
685 3670 790 3745 tectis,
808 3679 841 3732 et
856 3669 978 3751 ubique
995 3670 1154 3752 lyraeque

307 3783 454 3865 tibiaque
470 3792 503 3844 et
519 3790 646 3856 cantus,
665 3780 765 3843 animi
781 3781 893 3844 felicia
909 3782 987 3844 laeti
