2948 4368
571 297 805 369 runaruou

159 504 191 558 95
201 500 287 576 eque
302 504 353 558 tot
368 516 408 559 ac
423 506 525 560 tantis
542 498 625 561 caeli
639 507 814 580 terraeque
831 495 998 578 marisque

199 614 302 688 pasce
317 607 415 670 bonis
431 609 563 692 aliquid.
613 611 750 673 Nallam
767 611 893 692 patiere
908 608 1086 691 repulsam.

200 719 374 800 Deprecor
391 721 453 783 hac
470 729 584 798 unum,
597 722 686 804 quod
701 729 781 785 vera
795 721 930 784 nemine
946 740 1064 802 poena,

197 839 266 893 nan
298 831 405 895 honor
435 844 504 911 est;
536 854 689 916 poenam,
715 834 899 908 Phaetham
924 839 985 914 pra
1014 839 1152 895 manere

287 945 406 1024 pascis¹

198 1055 290 1136 Quid
306 1076 381 1119 mea
397 1057 481 1120 colla
497 1065 591 1121 tenes
606 1058 746 1131 blandis,
763 1065 889 1139 ignare,
907 1055 1060 1120 lacertis?

141 1192 186 1228 100
199 1168 254 1229 Ne
269 1167 394 1243 dubita,
406 1168 538 1232 dabitur
555 1169 707 1254 (Stygias
723 1171 903 1233 iuravimus
921 1169 1043 1252 undas)

197 1280 432 1362 quodcumque
448 1281 590 1362 optaris;
615 1282 675 1344 sed
691 1289 726 1344 tri
743 1281 927 1364 sapientius
943 1281 1052 1362 opta.’'

243 1392 393 1454 Finierat
408 1394 561 1456 monitus
611 1396 718 1457 Dictis
733 1405 846 1457 tamen
862 1395 917 1456 ille
933 1400 1100 1475 repugnat
1169 1412 1205 1458 fle

197 1503 473 1588 prepositumque
490 1505 611 1587 premit
627 1506 812 1588 flagratque
829 1506 984 1587 cupidine
1000 1513 1123 1568 curnis.
1168 1488 1246 1608 Ἠ

199 1617 294 1696 Erga
309 1623 374 1698 qua
389 1617 480 1680 licuit
496 1618 626 1699 genitor
641 1626 824 1693 cunctatus
842 1619 884 1680 ad
900 1619 984 1681 altas
1168 1636 1311 1696 sagenam

141 1743 187 1798 105
197 1727 334 1791 deducit
348 1730 513 1804 iuvenem,
529 1730 692 1793 Volcania
708 1738 855 1805 munera,
873 1737 997 1792 curras.

198 1841 334 1903 Aureus
350 1841 420 1904 axis
436 1851 517 1918 erat,
535 1850 624 1905 teme
640 1863 770 1918 aureus,
789 1862 889 1905 aurea
906 1862 1054 1905 summae

199 1960 377 2016 curvatura
393 1964 495 2031 rotae,
514 1955 681 2018 radiarum
699 1964 878 2036 argenteus
894 1955 983 2016 arde.

124 2041 128 2048 ι
202 2066 264 2128 Per
279 2067 358 2148 iuga
374 2067 570 2150 chrysolithi
587 2067 782 2150 positaeque
798 2087 838 2129 ex
854 2066 968 2128 ordine
984 2086 1137 2147 gemmae

200 2179 290 2241 clara
305 2188 503 2261 repercussa
521 2179 705 2242 reddebant
723 2179 848 2240 lamina
866 2177 1008 2241 Phoebe.

141 2316 188 2350 110
203 2292 359 2373 Dumque
371 2311 411 2354 ea
422 2291 656 2373 magnanimus
669 2292 841 2353 Phaethan
854 2297 991 2351 miratur
1001 2310 1152 2372 opusque

200 2403 369 2485 perspicit,
387 2423 464 2467 ecce
480 2403 561 2486 vigil
577 2403 681 2466 nitida
697 2402 856 2485 patefacit
872 2401 914 2463 ab
930 2408 1003 2464 orta

201 2522 386 2597 purpureas
401 2515 534 2578 Aurara
550 2516 631 2579 foris
648 2525 681 2578 et
697 2514 797 2596 plena
813 2521 960 2576 rosarum

200 2627 292 2689 atria.
341 2626 535 2709 Diffugiunt
550 2628 674 2703 stellae,
692 2634 831 2709 quarum
848 2626 982 2707 agmina
998 2625 1087 2706 cagit

202 2739 349 2814 Lacifer‚
367 2749 401 2802 et
415 2739 499 2802 caeli
514 2739 656 2803 statiane
671 2739 871 2802 novissimus
888 2739 962 2800 exit.

141 2874 188 2928 115
201 2849 312 2931 Quem
329 2852 443 2932 petere
460 2861 496 2913 ut
511 2858 617 2915 terras
636 2851 864 2932 mundumque
880 2850 1055 2912 rubescere
1071 2849 1153 2912 vidit

200 2982 391 3044 cornuaque
407 2971 574 3026 extremae
588 2963 680 3026 velut
696 2969 893 3025 evanescere
909 2961 1017 3036 limae,

200 3074 340 3156 iungere
357 3083 459 3156 equas
476 3077 574 3138 Titan
590 3075 759 3138 velacibus
774 3076 917 3156 imperat
934 3073 1044 3136 Haris,

204 3187 303 3249 hissa
318 3186 400 3249 deae
416 3187 541 3250 celeres
557 3195 733 3269 peragunt,
750 3196 929 3267 ignemque
945 3195 1110 3248 vomentis

202 3295 390 3360 ambrosiae
406 3305 486 3360 saca
502 3305 631 3360 saturas
648 3296 865 3378 praesepibus
882 3295 956 3358 altis

143 3434 191 3469 120
202 3409 438 3491 quadrupedes
453 3409 580 3471 ddcunt
596 3410 790 3491 adduntque
807 3407 960 3470 sonantia
977 3408 1081 3470 frena.

202 3522 292 3583 Tum
309 3529 404 3602 pater
417 3529 475 3584 ara
491 3531 543 3583 sui
557 3530 652 3584 sacra
668 3519 885 3583 medicamine
901 3527 972 3582 nati

204 3632 345 3714 contigit
360 3643 394 3695 et
409 3633 545 3714 rapidae
561 3633 642 3696 fecit
658 3633 817 3714 patientia
834 3631 995 3707 flammae,

202 3743 428 3826 imposuitque
444 3764 558 3808 comae
574 3745 692 3820 radias
711 3751 941 3826 praesagaque
957 3744 1066 3806 lactas
