2948 4368
315 259 360 349 58
524 269 776 328 SELECTIONS
806 270 925 328 FROM
956 270 1059 328 OVID

313 451 397 515 Inde
414 451 525 514 tremit
540 452 647 527 tellus,
666 462 699 515 et
715 473 772 516 rex
789 462 888 534 pavet
904 453 976 535 ipse
992 454 1157 528 silentum,

310 583 353 627 ne
370 573 483 645 pateat
500 563 633 645 latoque
651 551 756 626 solum
774 574 943 645 retegatur
959 565 1062 639 hiatu,

309 677 543 757 immissusque
562 676 633 738 dies
650 675 848 758 trepidantis
864 685 988 739 terreat
1004 676 1147 739 umbras.

312 788 412 851 Hanc
431 770 583 850 metuens
601 787 730 851 cladem
748 789 926 851 tenebrosa
943 789 1023 851 sede
1038 798 1200 872 tyrannus

310 902 442 976 exierat,
461 921 624 982 curruque
643 910 790 963 atrorum
807 910 922 963 vectus
938 920 1099 982 equorum
1296 923 1328 958 κο

310 1013 605 1077 ambibat‘Siculae
622 1023 740 1075 cautus
757 1013 954 1075 fundamina
970 1021 1086 1076 terrae.

356 1127 534 1208 Postquam
552 1126 760 1205 exploratum
779 1125 859 1187 satis
876 1135 927 1187 est
943 1126 1016 1187 loca
1031 1124 1123 1187 nulla
1138 1124 1251 1187 labare

311 1237 521 1319 depositique
537 1247 653 1312 metus,
674 1237 764 1300 videt
782 1238 870 1299 hunc
889 1238 1034 1320 Erycina
1050 1247 1227 1317 vagantem

295 1339 424 1412 'monte
442 1370 501 1412 suo
518 1349 680 1425 residens;
711 1359 894 1430 natumque
916 1350 1069 1431 amplexa
1085 1351 1263 1424 volucrem,

314 1466 332 1494 “
343 1460 449 1523 Arma
459 1481 644 1551 manusque
664 1481 766 1536 meae,
780 1481 862 1536 mea,
876 1470 964 1535 nate,
980 1461 1160 1541 potentia,‘’
1172 1460 1263 1535 dixit,
1294 1482 1324 1535 ²5

314 1574 397 1637 “illa
414 1573 532 1655 quibus
549 1594 687 1655 superas
704 1573 811 1636 omnis
827 1593 909 1654 cape
926 1573 1002 1647 tela,
1021 1571 1161 1654 Cupid0,
1188 1631 1190 1636 .

312 1685 412 1768 inque
429 1685 482 1748 dei
499 1696 616 1767 pectus
633 1685 748 1748 celeris
765 1685 879 1747 molire
896 1685 1044 1766 sagittas,

312 1797 365 1861 cui
380 1796 518 1877 triplicis
533 1799 632 1860 cessit
650 1797 785 1859 fortuna
802 1797 982 1858 novissima
998 1796 1102 1877 regni.

312 1909 367 1973 Tu
382 1930 520 1990 superos
536 1909 711 1991 ipsumque
730 1910 853 1984 iovem,
870 1919 906 1971 tu
924 1908 1059 1971 numina
1075 1907 1169 1988 ponti

311 2024 399 2085 victa
415 2022 539 2097 domas,
557 2023 733 2103 ipsumque
750 2021 835 2102 regit
851 2023 907 2103 qui
923 2022 1060 2083 numina
1076 1997 1179 2102 penti.
1252 2055 1257 2062 ·
1292 2036 1325 2087 30

312 2135 452 2197 Tartara
465 2133 544 2216 quid
556 2134 711 2196 cessant?
750 2134 818 2197 Cur
830 2154 896 2196 non
910 2134 1087 2216 matrisque
1103 2142 1220 2215 tuumq

312 2246 486 2327 imperium
503 2246 656 2328 profers?
697 2246 821 2326 Agitur
838 2266 915 2326 pars
930 2246 1027 2308 tertia
1043 2246 1166 2308 mundi.

315 2360 358 2421 Et
373 2367 484 2421 tamen
500 2357 534 2419 in
551 2357 643 2420 caelo
659 2354 760 2439 (quae
778 2357 842 2419 iam
861 2357 1023 2439 patientia
1038 2367 1152 2419 nostra
1167 2355 1234 2440 est)

313 2471 508 2552 spernimur,
526 2490 564 2532 ac
581 2489 711 2531 mecum
728 2471 815 2531 vires
833 2469 1025 2531 minuuntur
1041 2469 1185 2532 Amoris.

314 2583 449 2645 Pallada
465 2601 575 2644 nonne
591 2580 685 2644 vides
701 2582 991 2662 iaculatricemque
1010 2583 1154 2643 Dianam
1292 2594 1325 2647 35

313 2694 514 2757 abscessisse
531 2693 633 2755 mihi?
679 2693 809 2757 Cereris
825 2713 956 2775 quoque
973 2693 1039 2767 filia
1054 2692 1158 2774 virgo,

313 2807 342 2869 si
358 2806 530 2888 patiemur,
548 2806 618 2868 erit.
668 2807 755 2868 Nam
771 2826 850 2887 spes
866 2806 1015 2868 adfectat
1030 2805 1175 2869 easdem.

313 2919 362 2981 At
377 2928 412 2981 tu
431 2939 490 3000 pro
508 2918 606 2994 soci0,
625 2917 653 2981 si
668 2939 734 3000 qua
749 2928 800 2982 est
816 2939 856 2981 ea
871 2917 987 2999 gratia,
1004 2937 1109 2998 regno

313 3033 414 3112 iunge
430 3032 527 3093 deam
545 3031 694 3112 patru0.”
732 3031 824 3093 Dixit
836 3032 961 3094 Venus.
996 3030 1057 3092 Ille
1074 3031 1265 3112 pharetram

314 3143 411 3206 solvit
426 3153 459 3206 et
476 3143 609 3206 arbitrio
627 3144 741 3206 matris
757 3143 798 3205 de
815 3143 903 3204 mille
920 3143 1051 3223 sagittis
1294 3165 1329 3211 40

315 3276 415 3318 unam
433 3255 590 3338 seposuit,
609 3255 668 3318 sed
685 3275 750 3336 qua
766 3275 827 3318 nec
844 3256 971 3317 acutior
986 3255 1054 3316 ulla

315 3389 376 3432 nec
393 3369 502 3431 minus
520 3368 645 3430 incerta
661 3376 712 3430 est
728 3388 789 3430 nec
806 3387 891 3448 quae
907 3368 1014 3447 magis
1030 3365 1143 3428 audiat
1159 3386 1266 3428 arcus

317 3481 548 3563 Oppositoque
567 3499 654 3560 genu
672 3475 821 3542 curvavit
836 3478 943 3540 flexile
960 3499 1063 3541 cornu

315 3594 416 3675 inque
433 3613 489 3655 eor
505 3593 640 3653 hamata
656 3591 820 3673 percussit
836 3591 1022 3653 harundine
1040 3592 1162 3653 Ditem.

362 3693 465 3768 Haud
477 3704 593 3786 procul
607 3700 780 3766 Hennaeis
790 3703 881 3765 lacus
892 3712 943 3765 est
955 3723 974 3764 a
987 3702 1161 3766 moenibus
1171 3698 1269 3778 altae,
1298 3727 1331 3779 45
