<?xml version="1.0" encoding="UTF-8"?>
<!DOCTYPE html PUBLIC "-//W3C//DTD XHTML 1.0 Transitional//EN"
    "http://www.w3.org/TR/xhtml1/DTD/xhtml1-transitional.dtd">
<html xmlns="http://www.w3.org/1999/xhtml" xml:lang="en" lang="en">
 <head>
  <title>
</title>
<meta http-equiv="Content-Type" content="text/html;charset=utf-8" />
  <meta name='ocr-system' content='tesseract 3.04.00' />
  <meta name='ocr-capabilities' content='ocr_page ocr_carea ocr_par ocr_line ocrx_word'/>
</head>
<body>
  <div class='ocr_page' id='page_1' title='image "./poemsovidselect00ovidgoog_0089.png"; bbox 0 0 2948 4368; ppageno 0'>
   <div class='ocr_carea' id='block_1_1' title="bbox 341 335 1083 404">
    <p class='ocr_par' dir='ltr' id='par_1_1' title="bbox 341 335 1083 404">
     <span class='ocr_line' id='line_1_1' title="bbox 341 335 1083 404; baseline 0 0"><span class='ocrx_word' id='word_1_1' title='bbox 341 335 387 404; x_wconf 89' lang='lat'>66</span> <span class='ocrx_word' id='word_1_2' title='bbox 550 346 800 404; x_wconf 88' lang='lat' dir='ltr'><strong>SELECTIONS</strong></span> <span class='ocrx_word' id='word_1_3' title='bbox 830 345 949 404; x_wconf 90' lang='lat' dir='ltr'>FROM</span> <span class='ocrx_word' id='word_1_4' title='bbox 979 345 1083 404; x_wconf 92' lang='lat' dir='ltr'>OVID</span> 
     </span>
    </p>
   </div>
   <div class='ocr_carea' id='block_1_2' title="bbox 149 528 1353 1956">
    <p class='ocr_par' dir='ltr' id='par_1_2' title="bbox 149 528 1353 1956">
     <span class='ocr_line' id='line_1_2' title="bbox 340 528 1167 611; baseline 0.001 -20"><span class='ocrx_word' id='word_1_5' title='bbox 340 528 519 592; x_wconf 89' lang='lat' dir='ltr'>caelestis?</span> <span class='ocrx_word' id='word_1_6' title='bbox 564 528 637 591; x_wconf 92' lang='lat' dir='ltr'>Aut</span> <span class='ocrx_word' id='word_1_7' title='bbox 652 549 710 592; x_wconf 91' lang='lat' dir='ltr'>cur</span> <span class='ocrx_word' id='word_1_8' title='bbox 726 530 843 592; x_wconf 91' lang='lat' dir='ltr'>colitur</span> <span class='ocrx_word' id='word_1_9' title='bbox 861 529 992 593; x_wconf 89' lang='lat' dir='ltr'>Latona</span> <span class='ocrx_word' id='word_1_10' title='bbox 1008 550 1068 611; x_wconf 90' lang='lat' dir='ltr'>per</span> <span class='ocrx_word' id='word_1_11' title='bbox 1084 550 1167 605; x_wconf 90' lang='lat' dir='ltr'>aras,</span> 
     </span>
     <span class='ocr_line' id='line_1_3' title="bbox 341 641 1292 706; baseline 0.001 -3"><span class='ocrx_word' id='word_1_12' title='bbox 341 661 465 704; x_wconf 90' lang='lat' dir='ltr'>numen</span> <span class='ocrx_word' id='word_1_13' title='bbox 482 641 590 704; x_wconf 90' lang='lat' dir='ltr'>adhuc</span> <span class='ocrx_word' id='word_1_14' title='bbox 607 641 677 706; x_wconf 87' lang='lat' dir='ltr'>sine</span> <span class='ocrx_word' id='word_1_15' title='bbox 693 651 767 704; x_wconf 92' lang='lat' dir='ltr'>ture</span> <span class='ocrx_word' id='word_1_16' title='bbox 783 661 893 704; x_wconf 91' lang='lat' dir='ltr'>meum</span> <span class='ocrx_word' id='word_1_17' title='bbox 910 641 984 704; x_wconf 90' lang='lat' dir='ltr'>est?</span> <span class='ocrx_word' id='word_1_18' title='bbox 1027 641 1113 704; x_wconf 88' lang='lat' dir='ltr'>Mihi</span> <span class='ocrx_word' id='word_1_19' title='bbox 1128 641 1292 704; x_wconf 90' lang='lat' dir='ltr'><strong>Tantalus</strong></span> 
     </span>
     <span class='ocr_line' id='line_1_4' title="bbox 428 762 551 828; baseline -0.008 -13"><span class='ocrx_word' id='word_1_20' title='bbox 428 762 551 828; x_wconf 88' lang='lat' dir='ltr'>auctor,</span> 
     </span>
     <span class='ocr_line' id='line_1_5' title="bbox 340 865 1112 947; baseline 0.001 -19"><span class='ocrx_word' id='word_1_21' title='bbox 340 865 395 928; x_wconf 93' lang='lat' dir='ltr'>cui</span> <span class='ocrx_word' id='word_1_22' title='bbox 410 865 501 929; x_wconf 93' lang='lat' dir='ltr'>licuit</span> <span class='ocrx_word' id='word_1_23' title='bbox 517 865 579 928; x_wconf 90' lang='lat' dir='ltr'>soli</span> <span class='ocrx_word' id='word_1_24' title='bbox 595 885 789 947; x_wconf 90' lang='lat' dir='ltr'>superorum</span> <span class='ocrx_word' id='word_1_25' title='bbox 806 875 945 947; x_wconf 85' lang='lat' dir='ltr'>tangere</span> <span class='ocrx_word' id='word_1_26' title='bbox 960 886 1112 940; x_wconf 89' lang='lat' dir='ltr'>mensas;</span> 
     </span>
     <span class='ocr_line' id='line_1_6' title="bbox 343 978 1259 1059; baseline 0 -18"><span class='ocrx_word' id='word_1_27' title='bbox 343 978 511 1041; x_wconf 76' lang='lat' dir='ltr'>Pleiadum</span> <span class='ocrx_word' id='word_1_28' title='bbox 529 998 622 1041; x_wconf 92' lang='lat' dir='ltr'>soror</span> <span class='ocrx_word' id='word_1_29' title='bbox 637 987 689 1040; x_wconf 90' lang='lat' dir='ltr'>est</span> <span class='ocrx_word' id='word_1_30' title='bbox 704 980 853 1059; x_wconf 85' lang='lat' dir='ltr'><strong>genetrix</strong></span> <span class='ocrx_word' id='word_1_31' title='bbox 869 998 961 1055; x_wconf 90' lang='lat' dir='ltr'>mea;</span> <span class='ocrx_word' id='word_1_32' title='bbox 986 979 1148 1041; x_wconf 91' lang='lat' dir='ltr'>maximus</span> <span class='ocrx_word' id='word_1_33' title='bbox 1161 979 1259 1042; x_wconf 87' lang='lat' dir='ltr'>Atlas</span> 
     </span>
     <span class='ocr_line' id='line_1_7' title="bbox 341 1090 1353 1172; baseline -0.003 -19"><span class='ocrx_word' id='word_1_34' title='bbox 341 1100 392 1154; x_wconf 95' lang='lat' dir='ltr'>est</span> <span class='ocrx_word' id='word_1_35' title='bbox 408 1110 499 1166; x_wconf 75' lang='lat' dir='ltr'>avuS,</span> <span class='ocrx_word' id='word_1_36' title='bbox 517 1090 702 1153; x_wconf 89' lang='lat' dir='ltr'>aetherium</span> <span class='ocrx_word' id='word_1_37' title='bbox 719 1092 775 1172; x_wconf 91' lang='lat' dir='ltr'>qui</span> <span class='ocrx_word' id='word_1_38' title='bbox 792 1091 856 1154; x_wconf 84' lang='lat' dir='ltr'>lert</span> <span class='ocrx_word' id='word_1_39' title='bbox 872 1091 1055 1153; x_wconf 89' lang='lat' dir='ltr'>cervicibus</span> <span class='ocrx_word' id='word_1_40' title='bbox 1071 1111 1165 1154; x_wconf 91' lang='lat' dir='ltr'>axem</span> <span class='ocrx_word' id='word_1_41' title='bbox 1179 1112 1186 1166; x_wconf 90' lang='grc'>;</span> <span class='ocrx_word' id='word_1_42' title='bbox 1322 1114 1353 1164; x_wconf 86' lang='lat'>30</span> 
     </span>
     <span class='ocr_line' id='line_1_8' title="bbox 343 1202 1220 1284; baseline 0.002 -20"><span class='ocrx_word' id='word_1_43' title='bbox 343 1202 496 1284; x_wconf 91' lang='lat' dir='ltr'>Iuppiter</span> <span class='ocrx_word' id='word_1_44' title='bbox 511 1202 596 1265; x_wconf 87' lang='lat' dir='ltr'>alter</span> <span class='ocrx_word' id='word_1_45' title='bbox 611 1223 711 1278; x_wconf 91' lang='lat' dir='ltr'>avus;</span> <span class='ocrx_word' id='word_1_46' title='bbox 737 1222 853 1266; x_wconf 92' lang='lat' dir='ltr'>socero</span> <span class='ocrx_word' id='word_1_47' title='bbox 870 1223 1001 1284; x_wconf 89' lang='lat' dir='ltr'>quoque</span> <span class='ocrx_word' id='word_1_48' title='bbox 1017 1203 1140 1283; x_wconf 83' lang='lat' dir='ltr'>glorior</span> <span class='ocrx_word' id='word_1_49' title='bbox 1155 1203 1220 1266; x_wconf 93' lang='lat' dir='ltr'>illo.</span> 
     </span>
     <span class='ocr_line' id='line_1_9' title="bbox 343 1315 1208 1398; baseline 0 -21"><span class='ocrx_word' id='word_1_50' title='bbox 343 1315 400 1377; x_wconf 92' lang='lat' dir='ltr'>Me</span> <span class='ocrx_word' id='word_1_51' title='bbox 416 1324 535 1396; x_wconf 85' lang='lat' dir='ltr'>gentes</span> <span class='ocrx_word' id='word_1_52' title='bbox 551 1324 703 1378; x_wconf 89' lang='lat' dir='ltr'>metuunt</span> <span class='ocrx_word' id='word_1_53' title='bbox 720 1315 894 1398; x_wconf 82' lang='lat' dir='ltr'>Phrygiae,</span> <span class='ocrx_word' id='word_1_54' title='bbox 912 1335 965 1377; x_wconf 91' lang='lat' dir='ltr'>me</span> <span class='ocrx_word' id='word_1_55' title='bbox 981 1315 1074 1396; x_wconf 88' lang='lat' dir='ltr'>regia</span> <span class='ocrx_word' id='word_1_56' title='bbox 1090 1315 1208 1379; x_wconf 91' lang='lat' dir='ltr'>Cadmi</span> 
     </span>
     <span class='ocr_line' id='line_1_10' title="bbox 342 1426 1234 1508; baseline 0 -19"><span class='ocrx_word' id='word_1_57' title='bbox 342 1427 403 1489; x_wconf 93' lang='lat' dir='ltr'>sub</span> <span class='ocrx_word' id='word_1_58' title='bbox 420 1427 554 1490; x_wconf 92' lang='lat' dir='ltr'>domina</span> <span class='ocrx_word' id='word_1_59' title='bbox 569 1436 629 1502; x_wconf 88' lang='lat' dir='ltr'>est,</span> <span class='ocrx_word' id='word_1_60' title='bbox 646 1426 834 1508; x_wconf 87' lang='lat' dir='ltr'>fidibusque</span> <span class='ocrx_word' id='word_1_61' title='bbox 851 1429 916 1489; x_wconf 92' lang='lat' dir='ltr'>mei</span> <span class='ocrx_word' id='word_1_62' title='bbox 932 1427 1109 1490; x_wconf 89' lang='lat' dir='ltr'>commissa</span> <span class='ocrx_word' id='word_1_63' title='bbox 1125 1426 1234 1489; x_wconf 91' lang='lat' dir='ltr'>mariti</span> 
     </span>
     <span class='ocr_line' id='line_1_11' title="bbox 341 1538 1222 1622; baseline 0 -22"><span class='ocrx_word' id='word_1_64' title='bbox 341 1539 472 1602; x_wconf 91' lang='lat' dir='ltr'>moenia</span> <span class='ocrx_word' id='word_1_65' title='bbox 487 1559 561 1602; x_wconf 94' lang='lat' dir='ltr'>cum</span> <span class='ocrx_word' id='word_1_66' title='bbox 579 1539 712 1622; x_wconf 92' lang='lat' dir='ltr'>populis</span> <span class='ocrx_word' id='word_1_67' title='bbox 728 1560 749 1601; x_wconf 87' lang='lat' dir='ltr'>a</span> <span class='ocrx_word' id='word_1_68' title='bbox 764 1559 883 1621; x_wconf 91' lang='lat' dir='ltr'>meque</span> <span class='ocrx_word' id='word_1_69' title='bbox 900 1538 1036 1620; x_wconf 91' lang='lat' dir='ltr'>viroque</span> <span class='ocrx_word' id='word_1_70' title='bbox 1052 1549 1222 1620; x_wconf 88' lang='lat' dir='ltr'>reguntur.</span> 
     </span>
     <span class='ocr_line' id='line_1_12' title="bbox 342 1651 1353 1733; baseline 0 -21"><span class='ocrx_word' id='word_1_71' title='bbox 342 1652 383 1712; x_wconf 95' lang='lat' dir='ltr'>In</span> <span class='ocrx_word' id='word_1_72' title='bbox 399 1671 643 1733; x_wconf 89' lang='lat' dir='ltr'>quamcumque</span> <span class='ocrx_word' id='word_1_73' title='bbox 659 1652 777 1714; x_wconf 94' lang='lat' dir='ltr'>domus</span> <span class='ocrx_word' id='word_1_74' title='bbox 794 1652 922 1714; x_wconf 82' lang='lat' dir='ltr'>adverti</span> <span class='ocrx_word' id='word_1_75' title='bbox 937 1651 1062 1713; x_wconf 91' lang='lat' dir='ltr'>lumina</span> <span class='ocrx_word' id='word_1_76' title='bbox 1078 1660 1217 1733; x_wconf 88' lang='lat' dir='ltr'>partem,</span> <span class='ocrx_word' id='word_1_77' title='bbox 1322 1668 1353 1721; x_wconf 80' lang='lat'>35</span> 
     </span>
     <span class='ocr_line' id='line_1_13' title="bbox 341 1762 1159 1845; baseline 0 -21"><span class='ocrx_word' id='word_1_78' title='bbox 341 1762 523 1826; x_wconf 88' lang='lat' dir='ltr'>immensae</span> <span class='ocrx_word' id='word_1_79' title='bbox 540 1773 732 1845; x_wconf 87' lang='lat' dir='ltr'>spectantur</span> <span class='ocrx_word' id='word_1_80' title='bbox 748 1783 838 1844; x_wconf 89' lang='lat' dir='ltr'>opes.</span> <span class='ocrx_word' id='word_1_81' title='bbox 885 1763 1028 1826; x_wconf 87' lang='lat' dir='ltr'>Accedit</span> <span class='ocrx_word' id='word_1_82' title='bbox 1044 1763 1159 1826; x_wconf 89' lang='lat' dir='ltr'>eodem</span> 
     </span>
     <span class='ocr_line' id='line_1_14' title="bbox 149 1875 1146 1956; baseline -0.001 -19"><span class='ocrx_word' id='word_1_83' title='bbox 149 1878 227 1937; x_wconf 75' lang='lat' dir='ltr'>urooe</span> <span class='ocrx_word' id='word_1_84' title='bbox 342 1875 443 1955; x_wconf 85' lang='lat' dir='ltr'>digna</span> <span class='ocrx_word' id='word_1_85' title='bbox 459 1876 522 1938; x_wconf 91' lang='lat' dir='ltr'>dea</span> <span class='ocrx_word' id='word_1_86' title='bbox 538 1875 650 1938; x_wconf 88' lang='lat' dir='ltr'>iacies.</span> <span class='ocrx_word' id='word_1_87' title='bbox 700 1875 777 1938; x_wconf 91' lang='lat' dir='ltr'>Huc</span> <span class='ocrx_word' id='word_1_88' title='bbox 794 1885 890 1938; x_wconf 90' lang='lat' dir='ltr'>natas</span> <span class='ocrx_word' id='word_1_89' title='bbox 907 1875 1000 1938; x_wconf 91' lang='lat' dir='ltr'>adice</span> <span class='ocrx_word' id='word_1_90' title='bbox 1017 1885 1146 1956; x_wconf 90' lang='lat' dir='ltr'>septem</span> 
     </span>
    </p>
   </div>
   <div class='ocr_carea' id='block_1_3' title="bbox 149 1955 1250 2074">
    <p class='ocr_par' dir='ltr' id='par_1_3' title="bbox 149 1955 1250 2074">
     <span class='ocr_line' id='line_1_15' title="bbox 149 1955 1250 2074; baseline 0 -25"><span class='ocrx_word' id='word_1_91' title='bbox 149 1955 238 2074; x_wconf 44' lang='grc' dir='ltr'>ἔξω</span> <span class='ocrx_word' id='word_1_92' title='bbox 341 1997 375 2049; x_wconf 91' lang='lat' dir='ltr'>et</span> <span class='ocrx_word' id='word_1_93' title='bbox 391 1987 528 2050; x_wconf 86' lang='lat' dir='ltr'>totidem</span> <span class='ocrx_word' id='word_1_94' title='bbox 544 1986 689 2062; x_wconf 89' lang='lat' dir='ltr'>iuvenes,</span> <span class='ocrx_word' id='word_1_95' title='bbox 707 1996 741 2049; x_wconf 92' lang='lat' dir='ltr'>et</span> <span class='ocrx_word' id='word_1_96' title='bbox 757 2008 832 2050; x_wconf 92' lang='lat' dir='ltr'>mox</span> <span class='ocrx_word' id='word_1_97' title='bbox 848 2007 1055 2068; x_wconf 85' lang='lat' dir='ltr'>generosque</span> <span class='ocrx_word' id='word_1_98' title='bbox 1072 2007 1250 2068; x_wconf 90' lang='lat' dir='ltr'>nurusque.</span> 
     </span>
    </p>
   </div>
   <div class='ocr_carea' id='block_1_4' title="bbox 150 2098 1294 2181">
    <p class='ocr_par' dir='ltr' id='par_1_4' title="bbox 150 2098 1294 2181">
     <span class='ocr_line' id='line_1_16' title="bbox 150 2098 1294 2181; baseline 0 -19"><span class='ocrx_word' id='word_1_99' title='bbox 150 2102 307 2162; x_wconf 80' lang='lat' dir='ltr'>superiority</span> <span class='ocrx_word' id='word_1_100' title='bbox 342 2099 502 2180; x_wconf 84' lang='lat' dir='ltr'>Quaerite</span> <span class='ocrx_word' id='word_1_101' title='bbox 527 2119 616 2162; x_wconf 93' lang='lat' dir='ltr'>nunc</span> <span class='ocrx_word' id='word_1_102' title='bbox 643 2098 765 2162; x_wconf 90' lang='lat' dir='ltr'>habeat</span> <span class='ocrx_word' id='word_1_103' title='bbox 789 2119 888 2181; x_wconf 90' lang='lat' dir='ltr'>quarn</span> <span class='ocrx_word' id='word_1_104' title='bbox 910 2108 1023 2162; x_wconf 88' lang='lat' dir='ltr'>nostra</span> <span class='ocrx_word' id='word_1_105' title='bbox 1043 2098 1197 2180; x_wconf 88' lang='lat' dir='ltr'>superbia</span> <span class='ocrx_word' id='word_1_106' title='bbox 1218 2119 1294 2162; x_wconf 89' lang='lat' dir='ltr'>cau-</span> 
     </span>
    </p>
   </div>
   <div class='ocr_carea' id='block_1_5' title="bbox 149 2180 508 2300">
    <p class='ocr_par' dir='ltr' id='par_1_5' title="bbox 149 2180 508 2300">
     <span class='ocr_line' id='line_1_17' title="bbox 149 2180 508 2300; baseline -0.003 -26"><span class='ocrx_word' id='word_1_107' title='bbox 149 2180 194 2300; x_wconf 57' lang='grc' dir='ltr'>ξὲο</span> <span class='ocrx_word' id='word_1_108' title='bbox 428 2231 508 2287; x_wconf 79' lang='lat' dir='ltr'>Sam,</span> 
     </span>
    </p>
   </div>
   <div class='ocr_carea' id='block_1_6' title="bbox 149 2322 1355 3861">
    <p class='ocr_par' dir='ltr' id='par_1_6' title="bbox 149 2322 1355 2629">
     <span class='ocr_line' id='line_1_18' title="bbox 149 2322 1355 2406; baseline -0.003 -20"><span class='ocrx_word' id='word_1_109' title='bbox 149 2328 261 2375; x_wconf 66' lang='lat' dir='ltr'>oureus</span> <span class='ocrx_word' id='word_1_110' title='bbox 340 2323 453 2386; x_wconf 90' lang='lat' dir='ltr'>nescio</span> <span class='ocrx_word' id='word_1_111' title='bbox 470 2343 601 2406; x_wconf 92' lang='lat' dir='ltr'>quoque</span> <span class='ocrx_word' id='word_1_112' title='bbox 618 2322 738 2386; x_wconf 92' lang='lat' dir='ltr'>audete</span> <span class='ocrx_word' id='word_1_113' title='bbox 755 2332 860 2387; x_wconf 91' lang='lat' dir='ltr'>satam</span> <span class='ocrx_word' id='word_1_114' title='bbox 877 2323 1034 2387; x_wconf 89' lang='lat' dir='ltr'>Titanida</span> <span class='ocrx_word' id='word_1_115' title='bbox 1051 2323 1140 2387; x_wconf 91' lang='lat' dir='ltr'>Coeo</span> <span class='ocrx_word' id='word_1_116' title='bbox 1322 2335 1355 2382; x_wconf 79' lang='lat'>40</span> 
     </span>
     <span class='ocr_line' id='line_1_19' title="bbox 342 2435 1214 2516; baseline -0.001 -18"><span class='ocrx_word' id='word_1_117' title='bbox 342 2436 507 2498; x_wconf 91' lang='lat' dir='ltr'>Latonam</span> <span class='ocrx_word' id='word_1_118' title='bbox 523 2436 694 2516; x_wconf 81' lang='lat' dir='ltr'>praeferre</span> <span class='ocrx_word' id='word_1_119' title='bbox 711 2435 800 2510; x_wconf 93' lang='lat' dir='ltr'>mihi,</span> <span class='ocrx_word' id='word_1_120' title='bbox 818 2437 870 2498; x_wconf 94' lang='lat' dir='ltr'>cui</span> <span class='ocrx_word' id='word_1_121' title='bbox 887 2437 1030 2497; x_wconf 90' lang='lat' dir='ltr'>maxima</span> <span class='ocrx_word' id='word_1_122' title='bbox 1046 2435 1214 2516; x_wconf 90' lang='lat' dir='ltr'>quondam</span> 
     </span>
     <span class='ocr_line' id='line_1_20' title="bbox 340 2548 1078 2629; baseline 0 -19"><span class='ocrx_word' id='word_1_123' title='bbox 340 2548 494 2628; x_wconf 83' lang='lat' dir='ltr'>exiguam</span> <span class='ocrx_word' id='word_1_124' title='bbox 510 2548 623 2610; x_wconf 89' lang='lat' dir='ltr'>sedem</span> <span class='ocrx_word' id='word_1_125' title='bbox 641 2549 807 2629; x_wconf 87' lang='lat' dir='ltr'>pariturae</span> <span class='ocrx_word' id='word_1_126' title='bbox 823 2557 910 2610; x_wconf 91' lang='lat' dir='ltr'>terra</span> <span class='ocrx_word' id='word_1_127' title='bbox 925 2548 1078 2628; x_wconf 88' lang='lat' dir='ltr'>negavit!</span> 
     </span>
    </p>

    <p class='ocr_par' dir='ltr' id='par_1_7' title="bbox 305 2659 1354 3861">
     <span class='ocr_line' id='line_1_21' title="bbox 341 2659 1293 2741; baseline -0.001 -18"><span class='ocrx_word' id='word_1_128' title='bbox 341 2660 413 2723; x_wconf 93' lang='lat' dir='ltr'>Nec</span> <span class='ocrx_word' id='word_1_129' title='bbox 432 2660 524 2723; x_wconf 90' lang='lat' dir='ltr'>caelo</span> <span class='ocrx_word' id='word_1_130' title='bbox 543 2679 605 2722; x_wconf 86' lang='lat' dir='ltr'>nec</span> <span class='ocrx_word' id='word_1_131' title='bbox 622 2660 722 2722; x_wconf 93' lang='lat' dir='ltr'>humo</span> <span class='ocrx_word' id='word_1_132' title='bbox 744 2679 805 2722; x_wconf 90' lang='lat' dir='ltr'>nec</span> <span class='ocrx_word' id='word_1_133' title='bbox 825 2659 919 2741; x_wconf 92' lang='lat' dir='ltr'>aquis</span> <span class='ocrx_word' id='word_1_134' title='bbox 945 2660 1008 2722; x_wconf 91' lang='lat' dir='ltr'>dea</span> <span class='ocrx_word' id='word_1_135' title='bbox 1027 2668 1137 2721; x_wconf 90' lang='lat' dir='ltr'>vestra</span> <span class='ocrx_word' id='word_1_136' title='bbox 1156 2669 1293 2741; x_wconf 90' lang='lat' dir='ltr'>recepta</span> 
     </span>
     <span class='ocr_line' id='line_1_22' title="bbox 366 2781 491 2848; baseline 0 -14"><span class='ocrx_word' id='word_1_137' title='bbox 366 2807 368 2810; x_wconf 95' lang='lat'>·</span> <span class='ocrx_word' id='word_1_138' title='bbox 427 2781 491 2848; x_wconf 90' lang='lat' dir='ltr'>est;</span> 
     </span>
     <span class='ocr_line' id='line_1_23' title="bbox 339 2882 1158 2964; baseline -0.001 -17"><span class='ocrx_word' id='word_1_139' title='bbox 339 2884 432 2947; x_wconf 90' lang='lat' dir='ltr'>exsul</span> <span class='ocrx_word' id='word_1_140' title='bbox 448 2893 518 2946; x_wconf 91' lang='lat' dir='ltr'>erat</span> <span class='ocrx_word' id='word_1_141' title='bbox 533 2883 657 2958; x_wconf 92' lang='lat' dir='ltr'>mundi,</span> <span class='ocrx_word' id='word_1_142' title='bbox 675 2883 781 2945; x_wconf 86' lang='lat' dir='ltr'>donec</span> <span class='ocrx_word' id='word_1_143' title='bbox 797 2882 954 2946; x_wconf 90' lang='lat' dir='ltr'>miserata</span> <span class='ocrx_word' id='word_1_144' title='bbox 969 2892 1158 2964; x_wconf 89' lang='lat' dir='ltr'>vagantem,</span> 
     </span>
     <span class='ocr_line' id='line_1_24' title="bbox 341 2995 1353 3076; baseline 0.004 -18"><span class='ocrx_word' id='word_1_145' title='bbox 341 2995 506 3076; x_wconf 90' lang='lat' dir='ltr'>‘Hospita</span> <span class='ocrx_word' id='word_1_146' title='bbox 521 3005 558 3058; x_wconf 91' lang='lat' dir='ltr'>tu</span> <span class='ocrx_word' id='word_1_147' title='bbox 573 2995 668 3058; x_wconf 86' lang='lat' dir='ltr'>terris</span> <span class='ocrx_word' id='word_1_148' title='bbox 685 3014 785 3070; x_wconf 79' lang='lat' dir='ltr'>erraS,</span> <span class='ocrx_word' id='word_1_149' title='bbox 804 2996 887 3076; x_wconf 84' lang='lat' dir='ltr'>eg0,&#39;</span> <span class='ocrx_word' id='word_1_150' title='bbox 905 2995 994 3070; x_wconf 89' lang='lat' dir='ltr'>dixit,</span> <span class='ocrx_word' id='word_1_151' title='bbox 1015 2995 1066 3057; x_wconf 93' lang='lat' dir='ltr'>‘in</span> <span class='ocrx_word' id='word_1_152' title='bbox 1082 2995 1200 3071; x_wconf 92' lang='lat' dir='ltr'>undis,’</span> <span class='ocrx_word' id='word_1_153' title='bbox 1320 3015 1353 3067; x_wconf 82' lang='lat'>45</span> 
     </span>
     <span class='ocr_line' id='line_1_25' title="bbox 339 3107 1222 3189; baseline -0.001 -19"><span class='ocrx_word' id='word_1_154' title='bbox 339 3108 592 3189; x_wconf 90' lang='lat' dir='ltr'>instabilemque</span> <span class='ocrx_word' id='word_1_155' title='bbox 609 3108 716 3170; x_wconf 91' lang='lat' dir='ltr'>locum</span> <span class='ocrx_word' id='word_1_156' title='bbox 736 3107 839 3170; x_wconf 91' lang='lat' dir='ltr'>Delos</span> <span class='ocrx_word' id='word_1_157' title='bbox 856 3107 955 3170; x_wconf 91' lang='lat' dir='ltr'>dedit.</span> <span class='ocrx_word' id='word_1_158' title='bbox 1005 3107 1067 3170; x_wconf 93' lang='lat' dir='ltr'>llla</span> <span class='ocrx_word' id='word_1_159' title='bbox 1083 3108 1222 3170; x_wconf 90' lang='lat' dir='ltr'>duorum</span> 
     </span>
     <span class='ocr_line' id='line_1_26' title="bbox 339 3218 1289 3301; baseline 0.002 -20"><span class='ocrx_word' id='word_1_160' title='bbox 339 3219 430 3282; x_wconf 88' lang='lat' dir='ltr'>iacta</span> <span class='ocrx_word' id='word_1_161' title='bbox 442 3239 562 3301; x_wconf 90' lang='lat' dir='ltr'>parens</span> <span class='ocrx_word' id='word_1_162' title='bbox 574 3242 581 3295; x_wconf 91' lang='lat'>;</span> <span class='ocrx_word' id='word_1_163' title='bbox 602 3219 726 3282; x_wconf 91' lang='lat' dir='ltr'>subolis</span> <span class='ocrx_word' id='word_1_164' title='bbox 740 3238 817 3301; x_wconf 90' lang='lat' dir='ltr'>pars</span> <span class='ocrx_word' id='word_1_165' title='bbox 830 3218 913 3282; x_wconf 92' lang='lat' dir='ltr'>haec</span> <span class='ocrx_word' id='word_1_166' title='bbox 926 3229 977 3282; x_wconf 90' lang='lat' dir='ltr'>est</span> <span class='ocrx_word' id='word_1_167' title='bbox 990 3219 1133 3300; x_wconf 92' lang='lat' dir='ltr'>septima</span> <span class='ocrx_word' id='word_1_168' title='bbox 1144 3229 1289 3283; x_wconf 90' lang='lat' dir='ltr'>nostrae.</span> 
     </span>
     <span class='ocr_line' id='line_1_27' title="bbox 384 3328 1291 3414; baseline 0 -19"><span class='ocrx_word' id='word_1_169' title='bbox 384 3330 496 3395; x_wconf 88' lang='lat' dir='ltr'>“Sum</span> <span class='ocrx_word' id='word_1_170' title='bbox 529 3331 609 3394; x_wconf 84' lang='lat' dir='ltr'>felix</span> <span class='ocrx_word' id='word_1_171' title='bbox 638 3328 728 3413; x_wconf 90' lang='lat' dir='ltr'>(quis</span> <span class='ocrx_word' id='word_1_172' title='bbox 765 3329 853 3393; x_wconf 89' lang='lat' dir='ltr'>enirn</span> <span class='ocrx_word' id='word_1_173' title='bbox 884 3341 985 3412; x_wconf 85' lang='lat' dir='ltr'>neget</span> <span class='ocrx_word' id='word_1_174' title='bbox 1016 3331 1117 3414; x_wconf 90' lang='lat' dir='ltr'>hoc?)</span> <span class='ocrx_word' id='word_1_175' title='bbox 1144 3331 1291 3414; x_wconf 83' lang='lat' dir='ltr'>felixque</span> 
     </span>
     <span class='ocr_line' id='line_1_28' title="bbox 469 3443 612 3505; baseline 0.007 -1"><span class='ocrx_word' id='word_1_176' title='bbox 469 3443 612 3505; x_wconf 87' lang='lat' dir='ltr'>manebo</span> 
     </span>
     <span class='ocr_line' id='line_1_29' title="bbox 305 3552 1280 3642; baseline 0.002 -26"><span class='ocrx_word' id='word_1_177' title='bbox 305 3637 307 3642; x_wconf 17' lang='grc' dir='ltr'>ι</span> <span class='ocrx_word' id='word_1_178' title='bbox 336 3552 416 3634; x_wconf 88' lang='lat' dir='ltr'>(hoc</span> <span class='ocrx_word' id='word_1_179' title='bbox 433 3575 564 3636; x_wconf 91' lang='lat' dir='ltr'>quoque</span> <span class='ocrx_word' id='word_1_180' title='bbox 582 3556 655 3636; x_wconf 92' lang='lat' dir='ltr'>quis</span> <span class='ocrx_word' id='word_1_181' title='bbox 672 3555 800 3617; x_wconf 91' lang='lat' dir='ltr'>dubitet</span> <span class='ocrx_word' id='word_1_182' title='bbox 810 3553 844 3637; x_wconf 86' lang='lat'>?).</span> <span class='ocrx_word' id='word_1_183' title='bbox 870 3556 990 3617; x_wconf 89' lang='lat' dir='ltr'>Tutam</span> <span class='ocrx_word' id='word_1_184' title='bbox 1010 3575 1062 3617; x_wconf 90' lang='lat' dir='ltr'>me</span> <span class='ocrx_word' id='word_1_185' title='bbox 1079 3555 1174 3637; x_wconf 90' lang='lat' dir='ltr'>copia</span> <span class='ocrx_word' id='word_1_186' title='bbox 1190 3555 1280 3619; x_wconf 85' lang='lat' dir='ltr'>fecit.</span> 
     </span>
     <span class='ocr_line' id='line_1_30' title="bbox 340 3666 1354 3749; baseline -0.004 -20"><span class='ocrx_word' id='word_1_187' title='bbox 340 3668 448 3730; x_wconf 92' lang='lat' dir='ltr'>Maior</span> <span class='ocrx_word' id='word_1_188' title='bbox 464 3687 537 3728; x_wconf 91' lang='lat' dir='ltr'>sum</span> <span class='ocrx_word' id='word_1_189' title='bbox 554 3687 653 3749; x_wconf 93' lang='lat' dir='ltr'>quam</span> <span class='ocrx_word' id='word_1_190' title='bbox 670 3666 723 3730; x_wconf 94' lang='lat' dir='ltr'>cui</span> <span class='ocrx_word' id='word_1_191' title='bbox 741 3668 846 3747; x_wconf 93' lang='lat' dir='ltr'>possit</span> <span class='ocrx_word' id='word_1_192' title='bbox 866 3668 1013 3729; x_wconf 88' lang='lat' dir='ltr'>Fortuna</span> <span class='ocrx_word' id='word_1_193' title='bbox 1029 3687 1168 3743; x_wconf 88' lang='lat' dir='ltr'>nocerc;</span> <span class='ocrx_word' id='word_1_194' title='bbox 1323 3689 1354 3741; x_wconf 82' lang='lat'>50</span> 
     </span>
     <span class='ocr_line' id='line_1_31' title="bbox 338 3779 1221 3861; baseline 0.002 -21"><span class='ocrx_word' id='word_1_195' title='bbox 338 3780 507 3854; x_wconf 84' lang='lat' dir='ltr'>multaque</span> <span class='ocrx_word' id='word_1_196' title='bbox 525 3789 560 3841; x_wconf 92' lang='lat' dir='ltr'>ut</span> <span class='ocrx_word' id='word_1_197' title='bbox 576 3780 702 3860; x_wconf 86' lang='lat' dir='ltr'>eripiat,</span> <span class='ocrx_word' id='word_1_198' title='bbox 721 3779 824 3840; x_wconf 89' lang='lat' dir='ltr'>multo</span> <span class='ocrx_word' id='word_1_199' title='bbox 842 3779 921 3840; x_wconf 91' lang='lat' dir='ltr'>mihi</span> <span class='ocrx_word' id='word_1_200' title='bbox 937 3779 1033 3859; x_wconf 90' lang='lat' dir='ltr'>plura</span> <span class='ocrx_word' id='word_1_201' title='bbox 1049 3779 1221 3861; x_wconf 87' lang='lat' dir='ltr'>relinquet.</span> 
     </span>
    </p>
   </div>
   <div class='ocr_carea' id='block_1_7' title="bbox 0 0 1478 4368">
    <p class='ocr_par' dir='ltr' id='par_1_8' title="bbox 0 0 1478 4368">
     <span class='ocr_line' id='line_1_32' title="bbox 0 0 1478 4368; baseline 0 0"><span class='ocrx_word' id='word_1_202' title='bbox 0 0 1478 4368; x_wconf 95' lang='lat' dir='ltr'> </span> 
     </span>
    </p>
   </div>
  </div>
 </body>
</html>
