2996 4368
522 305 797 364 HYACINTHUS
1091 319 1138 390 99

188 489 222 552 in
237 491 358 566 vultus,
378 490 579 574 Hyacinthe,
597 499 681 554 tuos.
729 489 900 572 Expalluit
915 509 1022 574 aeque
1156 507 1240 556 north

138 626 164 680 25
188 621 288 684 quam
308 621 392 683 puer
418 601 490 683 ipse
507 603 598 678 deus,
615 603 859 685 conlapsosque
876 601 998 684 excipit
1016 611 1123 679 artus;
1156 581 1316 719 {smum

189 723 221 777 et
237 714 336 777 modo
351 723 386 778 te
400 715 538 791 refovet,
555 715 655 778 modo
671 713 778 778 tristia
793 714 931 778 vulnera
946 714 1057 791 siccat,

188 847 276 890 nunc
292 827 437 888 animam
454 825 596 890 admotis
612 825 798 908 fugientem
815 828 956 891 sustinet
972 827 1093 892 herbis.

190 938 246 1001 Nil
261 947 403 1020 prosunt
418 947 524 1016 artes;
548 947 620 1002 erat
635 938 877 1003 immedicabile
892 939 1022 1004 vulnus.

189 1052 237 1115 Ut
252 1049 281 1113 si
296 1052 371 1132 quis
386 1050 490 1114 violas
505 1051 643 1133 riguove
659 1071 808 1133 papaver
823 1050 857 1114 in
873 1051 970 1116 horto

137 1184 164 1234 3⁰
188 1161 321 1244 liliaque
337 1162 499 1245 infringat
514 1162 615 1226 fulvis
632 1163 800 1227 horrentia
815 1162 947 1245 linguis

188 1274 334 1338 marcida
350 1274 524 1338 demittant
541 1274 650 1338 subito
667 1284 768 1356 caput
783 1275 839 1339 illa
854 1275 988 1353 vietum,

187 1406 248 1450 nec
265 1406 301 1449 se
317 1386 511 1463 sustineant,
529 1395 748 1470 spectentque
764 1387 937 1452 cacumine
953 1397 1093 1466 terram;

188 1499 234 1562 sic
249 1498 362 1562 vultus
377 1498 522 1563 moriens
536 1500 623 1563 iacet
638 1508 672 1562 et
687 1500 820 1563 defecta
834 1499 950 1582 vigore

188 1609 260 1692 ipsa
276 1610 340 1674 sibi
354 1619 406 1674 est
421 1610 513 1674 oneri
529 1610 639 1675 cervix
654 1631 835 1694 umeroque
851 1612 1023 1676 recumbit.
1124 1613 1127 1622 “
1214 1699 1217 1706 ¹

137 1740 178 1805 35¹
230 1726 250 1753 “
262 1721 411 1799 Laberis,
429 1722 602 1800 Oebalide,
621 1724 728 1805 prima
743 1724 898 1789 fraudate
914 1725 1079 1802 iuventa,”
1156 1728 1268 1788 Aponon

189 1834 344 1898 Phoebus
373 1833 428 1911 ait,
458 1834 650 1916 “videoque
675 1844 779 1911 tuum,
801 1854 875 1898 mea
894 1835 1042 1912 crimina,
1070 1836 1138 1899 vul·
1156 1803 1253 1851 ΒΜ

275 1967 347 2010 nus.
486 2027 488 2032 Ι

187 2060 239 2122 Tu
256 2059 401 2123 dolores
417 2057 616 2141 facinusque
633 2078 763 2134 meum;
787 2077 861 2122 mea
876 2058 1012 2122 dextera
1028 2059 1095 2123 leto

187 2171 397 2235 inscribenda
412 2181 470 2234 tuo
486 2180 553 2248 est;
577 2191 641 2252 ego
654 2191 727 2234 sum
744 2170 803 2234 tibi
819 2170 947 2234 funeris
962 2181 1085 2235 auctor.

188 2283 285 2366 Quae
299 2303 375 2347 mea
390 2283 489 2366 culpa
503 2283 639 2346 tamen?
664 2281 738 2346 Nisi
753 2282 781 2346 si
797 2282 915 2347 lusisse
930 2282 1041 2347 vocari

137 2417 164 2464 40
187 2395 287 2478 culpa
302 2404 422 2477 potest,
439 2395 504 2459 nisi
520 2395 620 2477 culpa
635 2403 747 2477 potest
762 2403 796 2458 et
812 2414 943 2457 amasse
958 2397 1078 2458 vocari.

187 2507 303 2590 Atque
319 2509 444 2570 utinam
462 2527 522 2589 pro
537 2515 572 2571 te
586 2508 689 2570 vitam
705 2516 858 2571 tecumve
874 2506 987 2570 liceret

121 2665 126 2672 -
187 2619 346 2683 reddere!
393 2619 492 2702 Quod
507 2618 663 2701 quoniam
679 2619 774 2683 fatali
790 2618 865 2700 lege
880 2627 1041 2695 tenemur,

188 2752 322 2814 semper
336 2733 401 2795 eris
417 2751 547 2795 mecum
565 2731 767 2813 memorique
784 2729 937 2794 haerebis
952 2730 986 2793 in
1003 2751 1068 2794 ore.

188 2845 238 2908 Te
254 2844 326 2928 lyra
341 2845 439 2926 pulsa
454 2863 564 2919 manu,
581 2852 614 2906 te
630 2842 777 2907 carmina
793 2852 907 2908 nostra
923 2842 1098 2919 sonabunt,

137 2982 164 3036 45
188 2956 316 3038 flosque
331 2973 438 3019 novus
453 2956 577 3037 scripto
592 2954 737 3036 gemitus
754 2951 926 3018 imitabere
942 2963 1082 3017 nostros.

187 3069 339 3150 Tempus
355 3077 388 3131 et
400 3065 481 3130 illud
497 3065 559 3130 erit
575 3087 641 3150 quo
657 3086 693 3130 se
710 3066 910 3129 fortissimus
927 3066 1026 3129 heros

188 3181 290 3244 addat
306 3179 339 3242 in
356 3181 445 3243 hunc
461 3179 576 3242 florem
593 3178 740 3260 folioque
756 3177 887 3259 legatur
903 3177 1052 3241 eodem.’'

231 3292 327 3356 Talia
343 3292 423 3355 dum
439 3311 518 3355 vero
534 3298 759 3354 memorantur
775 3290 943 3370 Apollinis
959 3310 1025 3364 ore,

189 3424 266 3468 ecce
283 3424 388 3479 cruor,
405 3402 462 3486 qui
478 3403 573 3465 fusus
590 3402 690 3465 humo
708 3403 899 3483 signaverat
915 3401 1043 3478 herbaS,
1157 3409 1180 3454 A

49 3533 50 3536 ’
138 3539 164 3590 50
189 3516 311 3580 desinit
325 3535 400 3579 esse
416 3535 521 3591 cruor,
538 3515 707 3599 Tyrioque
723 3511 880 3576 nitentior
896 3523 986 3576 ostro

189 3628 250 3692 flos
267 3627 370 3692 oritur
385 3627 595 3708 formamque
612 3625 700 3706 capit
716 3645 817 3707 quam
834 3625 909 3701 lilia,
928 3623 1038 3687 sinon
1158 3641 1182 3676 ιε

190 3759 378 3823 purpureus
395 3739 485 3802 color
501 3737 561 3814 his,
580 3745 758 3819 argenteus
771 3746 859 3800 esset
875 3736 909 3799 in
925 3734 997 3798 illis.
1158 3703 1217 3749 Μ
