2948 4368
406 316 651 375 DEUCALION
680 314 767 374 AND
798 314 961 373 PYRRHA
1121 321 1141 372 2
1147 322 1166 396 5

148 515 183 568 55
260 499 408 576 Dixerat,
426 509 459 563 et
475 500 607 562 flebant.
656 499 783 562 Placuit
797 499 941 562 caeleste
957 503 1088 580 precari
1193 511 1264 569 they

208 619 340 675 namen
356 621 390 675 et
405 612 560 674 auxilium
577 632 637 694 per
653 618 763 675 sacras
779 630 938 693 quaerere
954 619 1060 673 sortis.
1192 597 1257 647 ⁹¹⁸7

211 725 320 788 Nalla
335 744 427 788 mora
443 733 512 799 est;
536 725 659 787 adeunt
675 723 799 805 pariter
814 722 1012 805 Cephisidas
1028 721 1144 798 undas,

209 846 250 899 ut
266 837 414 899 nendum
432 837 580 918 liquidas,
598 846 645 899 sic
661 836 726 898 iam
743 836 829 898 vada
844 843 924 898 neta
940 843 1092 899 secantis.

211 950 302 1012 Inde
317 948 373 1012 ubi
389 949 506 1012 libatas
521 948 708 1012 inreravere
723 947 867 1031 liquares

152 1068 188 1118 60
211 1061 364 1125 vestibus
379 1070 413 1124 et
428 1061 537 1143 capiti,
554 1060 692 1124 flectunt
706 1062 847 1143 vestigia
862 1067 997 1123 sanctae

212 1159 258 1237 ad
273 1174 412 1237 delubra
426 1174 518 1249 deae,
538 1181 677 1257 querum
693 1172 829 1255 fastigia
844 1181 933 1254 turpi

212 1287 386 1369 pallebant
401 1294 525 1362 mesco,
543 1285 741 1368 stabantque
757 1287 828 1350 sine
842 1284 977 1367 ignibus
992 1291 1078 1348 arae.

213 1401 266 1463 Ut
280 1399 397 1481 templi
412 1399 551 1480 tetigere
565 1387 700 1480 ‘grades
719 1397 906 1479 precumbit
921 1406 1061 1478 uterque

214 1519 342 1594 prtinus
357 1510 450 1574 humi
465 1511 642 1593 gelideque
658 1517 784 1592 pavens
801 1508 893 1573 dedit
907 1510 1021 1572 escula
1037 1516 1125 1571 saxa.

157 1633 191 1700 65
215 1624 332 1705 Atque
347 1625 401 1700 ita,
420 1623 488 1687 “Si
503 1621 688 1704 precibuS‚'’
704 1622 865 1697 dixerunt,
884 1626 902 1652 “
912 1620 1050 1683 mimina
1065 1621 1159 1684 iustis

215 1743 304 1799 victa
319 1735 561 1811 remollescunt‚
580 1744 607 1798 si
623 1734 766 1798 flectitur
780 1743 830 1796 ira
845 1734 991 1808 dearum,

215 1848 279 1923 dic,
296 1847 424 1923 Themi,
442 1855 508 1930 qua
524 1846 655 1930 generis
670 1847 829 1910 damnum
846 1845 1030 1927 reparabile
1046 1853 1151 1908 nostri

216 1969 288 2023 arte
304 1960 354 2036 sit,
371 1970 405 2023 et
420 1969 537 2023 mersis
552 1961 605 2023 ier
619 1979 727 2041 opem,
744 1957 927 2034 mitissima,
944 1957 1075 2020 rebas’'

262 2073 356 2142 Meta
365 2073 428 2136 dea
442 2081 494 2136 est
503 2081 691 2154 sortemque
703 2069 812 2133 dedit:
830 2069 1027 2133 “Discedite
1042 2068 1168 2151 templo
1193 2078 1246 2125 tie

160 2211 194 2259 70
216 2195 251 2250 et
267 2186 374 2248 velate
390 2194 492 2267 caput
507 2191 696 2266 cinctasque
712 2182 867 2246 resolvite
882 2191 992 2257 vestis
1193 2152 1300 2201 mm

216 2317 358 2380 ossaque
374 2306 449 2378 post
465 2305 596 2379 tergum
612 2303 755 2378 magnae
770 2294 890 2357 iactate
905 2292 1083 2375 parentis.”

217 2408 431 2490 Obstupuere
443 2407 498 2470 diu
507 2428 514 2482 ;
532 2408 722 2489 rumpitque
741 2406 871 2469 silentia
885 2413 967 2469 vace

218 2518 345 2602 Pyrrha
360 2518 450 2600 prior
464 2518 628 2609 iassisque
643 2519 726 2581 deae
742 2525 859 2600 parere
875 2524 1014 2591 recusat,

216 2631 339 2712 detque
355 2630 418 2693 sibi
431 2629 701 2712 veniampavide
717 2639 812 2711 rogat
827 2637 893 2704 ore,
911 2636 1077 2710 pavetque

160 2771 194 2824 75
217 2742 349 2805 laedere
364 2741 493 2805 iactatis
509 2749 676 2805 maternas
692 2741 822 2805 ossibus
838 2740 981 2803 umbras

218 2854 350 2944 Interea
366 2832 521 2936 repetunt
536 2864 644 2917 caecis
660 2853 801 2917 obscara
816 2853 951 2915 latebris

215 2965 316 3029 verba
330 2966 428 3029 datae
444 2967 541 3029 sortis
557 2973 678 3041 secum,
696 2965 782 3028 inter
798 2971 900 3046 seque
915 2965 1074 3027 volatant.

217 3079 302 3141 Inde
319 3078 547 3141 Promethides
563 3078 701 3159 placidis
719 3077 933 3159 Epimethida
948 3075 1044 3139 dictis

215 3186 341 3248 mulcet
355 3194 396 3261 et,
416 3185 510 3248 “Aut
525 3186 658 3262 fallaX‚”
676 3185 730 3261 ait,
750 3191 829 3248 “est
845 3184 991 3248 sollertia
1006 3185 1111 3261 nobis,

158 3308 193 3358 80
215 3306 276 3378 aut
290 3298 346 3379 pia
361 3307 438 3361 sunt
453 3299 648 3380 miliumque
664 3299 760 3361 nefas
777 3297 910 3360 eracula
926 3297 1074 3360 suadent.

217 3411 346 3492 Magna
357 3417 478 3492 parens
488 3411 593 3473 Terra
608 3419 668 3474 est.
702 3410 847 3492 Lapides
862 3409 896 3472 in
912 3429 1049 3491 corpore
1058 3418 1167 3474 terrae

214 3542 292 3586 ossa
307 3542 381 3586 reor
395 3522 477 3598 dici;
501 3524 609 3586 iacere
626 3523 688 3586 hes
703 3531 779 3604 post
795 3531 891 3604 terga
906 3521 1088 3586 iubemur.”

259 3633 419 3717 Coniugis
435 3635 575 3717 augurio
590 3645 792 3717 quamquam
808 3635 941 3696 Titania
957 3641 1046 3697 meta
1062 3642 1121 3709 est,

214 3753 294 3828 spes
309 3754 420 3810 tamen
436 3746 470 3808 in
486 3746 587 3810 dubia
602 3756 662 3810 est.
696 3745 795 3809 Adea
810 3745 1009 3808 caelestibus
1024 3744 1123 3807 amba
