2996 4368
133 1629 163 1680 0t

133 1705 264 1755 orlatm’r

133 1779 237 1830 cltum·

335 335 402 404 104
537 325 788 383 SELECTIONS
819 326 936 382 FROM
967 326 1072 384 OVID

329 518 406 574 ante
423 508 525 592 pedes
543 511 651 592 posita
667 518 719 572 est
735 510 901 573 antemnis
917 520 997 591 apta
1013 509 1171 586 ferendis,

329 620 1335 704 sumptaqueharundinibuscompactaestfistulacentum,35

329 743 504 797 senserunt
520 733 580 797 toti
597 735 743 815 pastoria
760 733 855 797 sibila
871 745 1012 810 montes,

329 854 504 910 senserunt
521 845 638 909 undae.
688 847 840 910 Latitans
858 867 922 928 ego
937 868 1021 928 rupe
1037 847 1168 929 meique

330 955 446 1020 Acidis
462 957 496 1019 in
512 956 639 1038 gremio
656 957 805 1021 residens
822 960 939 1040 procul
954 959 1088 1022 auribus
1105 957 1202 1021 hausi

326 1063 405 1129 talia
421 1065 509 1130 dicta
521 1065 612 1142 meis,
631 1065 809 1148 auditaque
821 1075 933 1130 mente
949 1065 1080 1130 notavi:

371 1176 581 1242 “Candidior
597 1177 677 1241 folio
693 1177 789 1254 nivei,
808 1176 959 1255 Galatea,
976 1177 1115 1260 ligustri,

327 1287 472 1354 floridior
488 1289 602 1372 pratis,
620 1289 721 1372 longa
739 1290 906 1372 procerior
922 1291 1009 1368 aln0,

326 1400 531 1485 splendidior
545 1403 640 1478 vitro,
658 1411 774 1466 tenero
790 1402 943 1466 lascivior
959 1404 1077 1480 haedo,

327 1513 429 1578 levior
444 1511 583 1578 adsiduo
599 1513 728 1578 detritis
744 1535 888 1597 aequore
904 1515 1050 1592 conchis,
1132 1525 1135 1530 '

326 1609 452 1692 solidus
468 1625 623 1701 hibernis,
642 1627 769 1691 aestiva
784 1627 909 1709 gratior
924 1628 1051 1704 umbra,

326 1737 467 1804 nobilior
483 1738 603 1822 palma,
620 1739 757 1822 platano
774 1741 983 1823 conspectior
999 1742 1075 1817 alta,

327 1849 465 1915 lucidior
480 1849 597 1934 glacie,
616 1861 745 1914 matura
761 1851 888 1915 dulcior
904 1873 977 1927 uva,

327 1962 455 2028 mollior
470 1971 504 2028 et
520 1964 615 2050 cycni
636 1963 758 2046 plumis
774 1974 808 2027 et
824 1965 909 2028 lacte
925 1973 1051 2041 coacto,
1089 1983 1091 1988 ·

325 2085 368 2152 et,
386 2073 414 2139 si
431 2095 497 2140 non
514 2075 635 2157 fugiaS,
653 2075 749 2158 riguo
765 2077 941 2140 formosior
957 2066 1071 2154 horto;¹

325 2187 455 2253 saevior
471 2186 637 2252 indomitis
653 2187 770 2252 eadem
787 2187 928 2253 Galatea
943 2188 1101 2266 iuvencis,
1138 2225 1139 2228 =

325 2299 436 2364 durior
452 2319 580 2364 annosa
595 2319 729 2383 quercu,
748 2301 897 2365 fallacior
913 2301 1020 2378 undis,

326 2410 445 2476 lentior
461 2419 495 2478 et
510 2411 620 2476 salicis
636 2411 739 2494 virgis
755 2422 789 2477 et
804 2413 926 2477 vitibus
942 2413 1036 2490 albis,

326 2522 378 2588 his
394 2523 591 2589 immobilior
607 2526 764 2607 scopulis,
783 2525 956 2589 violentior
972 2545 1079 2602 amne,

326 2636 460 2702 laudato
476 2656 607 2719 pavone
624 2636 807 2719 superbior,
825 2640 930 2702 acrior
946 2636 1025 2719 igni,

325 2748 473 2832 asperior
488 2749 627 2825 tribulis,
645 2769 745 2813 saeva
760 2750 976 2814 truculentior
992 2771 1078 2826 ursa,

325 2859 454 2926 surdior
470 2861 678 2944 aequoribus,
696 2861 823 2926 calcato
839 2862 994 2926 immitior
1009 2862 1126 2948 hydro,

326 2982 369 3051 et,
385 2973 474 3056 quod
491 2973 671 3057 praecipue
688 2975 807 3038 vellem
824 2975 884 3039 tibi
900 2975 1034 3038 demere
1049 2995 1194 3057 possem,
1256 2999 1258 3004 ⁸

326 3105 391 3148 non
409 3097 538 3150 tantum
556 3105 654 3150 cervo
671 3086 768 3150 claris
785 3087 956 3150 latratibus
972 3098 1047 3151 acto

325 3197 556 3262 verumetiam
574 3199 683 3263 ventis
699 3198 890 3281 volucrique
907 3200 1059 3282 fugacior
1075 3219 1163 3262 aura.
1245 3227 1252 3232 ·

370 3315 389 3342 “
400 3311 448 3374 At
463 3311 549 3374 bene
565 3313 592 3374 si
609 3311 708 3388 noriS,
726 3311 840 3395 pigeat
856 3311 992 3394 fugisse,
1010 3332 1185 3393 morasque

227 3493 236 3504 ,
325 3423 400 3505 ipsa
415 3433 490 3486 tuas
506 3423 653 3500 damnes,
672 3435 705 3488 et
722 3445 775 3488 me
792 3425 933 3489 retinere
950 3425 1089 3489 labores.

326 3534 412 3600 Sunt
428 3535 517 3612 mihi,
536 3556 613 3618 pars
629 3537 760 3613 montis,
777 3537 853 3602 vivo
869 3537 1050 3619 pendentia
1065 3557 1146 3601 saxo

324 3657 430 3724 antra,
447 3647 566 3729 quibus
583 3669 644 3712 nec
661 3648 709 3713 sol
727 3649 836 3714 medio
852 3649 993 3713 sentitur
1008 3649 1042 3712 in
1058 3659 1153 3714 aestu

325 3779 387 3825 nec
404 3761 545 3824 sentitur
561 3760 685 3839 hiems,
710 3772 787 3825 sunt
803 3781 902 3846 poma
918 3761 1094 3846 gravantia
1109 3781 1227 3826 ramos.
