2996 4368
526 381 785 440 ATALANTA’S
817 383 924 441 RACE
1123 371 1185 440 161

243 581 326 642 quae
343 563 510 644 peteretis,
528 564 653 628 erant.''
701 564 885 629 Laudando
901 565 1045 649 concipit
1060 566 1157 650 igniS,
1209 568 1261 654 Ρῠῒ

243 681 333 736 etue
355 675 428 757 quis
445 676 601 739 iuvenum
618 686 728 741 currat
743 678 890 742 velocius
906 688 1001 761 optat
1207 655 1355 777 zm„

182 804 213 857 25
243 784 431 868 invidiaque
446 789 549 852 timet.
597 790 695 855 “Sed
712 810 770 854 cur
786 791 974 854 certaminis
991 791 1088 854 huius

240 899 440 981 intemptata
456 901 536 963 rnibi
552 902 687 965 fortuna
702 903 901 986 relinquitur
913 903 924 966 ?
936 903 953 928 ''
984 903 1100 986 inquit.

242 1009 438 1074 “Audentis
455 1012 536 1076 deus
552 1013 625 1097 ipse
640 1014 761 1078 iuvat.”
810 1017 899 1078 Dum
915 1015 995 1078 talia
1011 1036 1123 1080 secum

240 1122 340 1204 exigit
357 1125 599 1206 Hippomenes,
618 1147 719 1208 passu
735 1128 825 1191 volat
841 1107 918 1192 alite
934 1128 1037 1210 virgo.

283 1235 378 1317 Quae
396 1257 598 1320 quamquam
612 1238 769 1324 Scythica
785 1261 852 1303 non
869 1241 972 1304 setius
987 1243 1035 1304 ire
1052 1239 1175 1322 sagitta

178 1377 211 1427 30
238 1346 350 1410 Aonio
365 1348 437 1411 visa
452 1358 502 1412 est
517 1349 637 1426 iuveni,
654 1361 766 1415 tamen
783 1351 837 1415 ille
853 1354 1007 1416 decorem

239 1460 375 1522 miratur
391 1461 516 1543 magis;
542 1471 575 1525 et
591 1482 706 1526 cursus
723 1463 805 1527 facit
821 1465 893 1547 ipse
909 1465 1072 1528 decorem.
1088 1527 1091 1534 .

239 1571 334 1634 Aura
349 1573 452 1636 refert
468 1573 579 1637 ablata
595 1576 668 1638 citis
684 1575 801 1638 talaria
814 1577 946 1659 plantis,
1032 1646 1035 1652 ,
1114 1585 1116 1590 “

237 1692 398 1766 tergaque
414 1685 579 1749 iactantur
594 1687 703 1752 crines
719 1709 779 1770 per
795 1689 950 1765 eburnea,
968 1709 1120 1772 quaeque
1204 1755 1218 1788 ο

237 1796 418 1879 poplitibus
434 1798 593 1862 suberant
609 1800 699 1882 picto
714 1801 868 1882 genualia
884 1801 1003 1878 limbo;

176 1937 209 1990 35
236 1910 338 1991 inque
354 1910 492 1991 puellari
508 1932 628 1994 corpus
645 1914 789 1976 candore
805 1913 957 1976 ruborem

236 2030 390 2098 traxerat,
408 2023 497 2086 haud
509 2025 605 2088 aliter
621 2045 720 2108 quam
736 2045 811 2088 cum
828 2045 929 2106 super
944 2025 1027 2088 atria
1044 2028 1152 2090 velum

236 2135 378 2197 candida
393 2155 596 2218 purpureum
615 2137 786 2201 simulatas
802 2137 905 2200 inficit
921 2139 1063 2201 umbras

237 2245 328 2308 Dum
339 2257 433 2311 notat
443 2249 525 2312 haec
539 2225 671 2332 hospes,
684 2251 825 2313 decursa
835 2250 1014 2313 novissima
1025 2261 1113 2315 meta
1124 2261 1183 2328 est,

235 2367 269 2419 et
284 2359 408 2440 tegitur
419 2361 507 2424 festa
522 2361 639 2425 victrix
652 2361 814 2425 Atalanta
826 2383 956 2425 corona.

174 2500 208 2546 40
237 2471 330 2533 Dant
345 2474 505 2552 gemitum
521 2475 599 2537 victi
616 2476 834 2557 penduntque
847 2494 887 2536 ex
899 2475 1035 2537 foedere
1048 2466 1196 2556 poenass

280 2583 357 2666 Non
373 2593 485 2648 tamen
502 2596 623 2649 eventu
639 2586 769 2649 iuvenis
785 2587 962 2649 deterritus
979 2588 1096 2649 horum
1203 2601 1369 2659 Hippomenes

235 2695 382 2759 constitit
397 2696 431 2759 in
447 2698 567 2774 medio,
584 2700 743 2781 vultuque
759 2698 792 2760 in
809 2697 937 2780 virgine
953 2699 1027 2774 fixo,
1201 2675 1305 2797 fflelf

236 2807 356 2888 “Quid
371 2807 503 2873 facilem
519 2809 651 2874 titulum
668 2811 858 2893 superando
875 2812 1006 2892 quaeris
1021 2812 1162 2874 inertis?
1200 2822 1241 2871 ror

236 2919 370 2982 Mecum
387 2922 532 2999 confer,”
550 2925 604 2987 ait.
646 2923 742 2987 “Seu
759 2943 812 2986 me
830 2924 979 2985 Fortuna
995 2932 1165 3005 potentem
1200 2899 1231 2945 *¹¹

174 3055 206 3108 45
234 3031 361 3108 fecerit,
379 3053 398 3094 a
413 3042 506 3097 tanto
522 3055 589 3098 non
606 3035 825 3116 indignabere
841 3034 938 3097 vinci.

235 3145 390 3227 Namque
407 3146 486 3209 mihi
502 3148 631 3228 genitor
647 3149 827 3228 Megareus
845 3148 1048 3212 Onchestius
1062 3167 1069 3222 ;
1092 3148 1140 3210 illi

233 3265 286 3319 est
303 3257 482 3338 Neptunus
498 3279 599 3334 avus;
625 3281 793 3342 pronepos
810 3281 873 3342 ego
890 3260 979 3341 regis
995 3280 1165 3342 aquarum.

1232 2911 1245 2945 e

1200 2973 1268 3020 Race
1302 2992 1304 2996 ¹

278 3414 317 3464 28.
335 3417 446 3479 exigit:
475 3418 742 3468 considers—alite:
772 3420 878 3484 winged.
929 3432 968 3482 30.
996 3419 1112 3468 Aonio:
1142 3419 1182 3467 ie.

234 3497 626 3561 Hippomenes-decorem:
646 3500 742 3564 beauty.
788 3515 828 3561 32.
845 3503 966 3551 talaria:
983 3502 1095 3565 flowing
1110 3499 1183 3546 dress.

231 3581 387 3641 -plantta
398 3600 404 3630 :
415 3584 473 3647 feet.
502 3595 541 3645 33.
553 3583 698 3632 eburnea:
717 3583 791 3631 white
798 3600 826 3630 as
835 3585 913 3645 ivery.
943 3596 982 3645 34.
998 3582 1180 3643 poplitibus:

232 3661 312 3711 knees.
323 3665 513 3725 -genuallat
528 3666 798 3729 garrera—limbo:
812 3665 1021 3729 border,stounce.
1057 3677 1095 3728 35.
1114 3676 1183 3713 can·

232 3744 307 3794 dore
319 3764 325 3793 ι
342 3745 391 3794 abl.
403 3746 432 3794 of
440 3747 506 3810 qual.
518 3747 578 3797 with
587 3756 682 3811 corpus.
701 3749 740 3811 36.
755 3749 869 3798 velum:
884 3750 996 3811 awning.
1018 3760 1057 3810 37.
1069 3747 1179 3796 inficit:

232 3828 316 3876 colors.
349 3840 390 3888 40.
407 3829 559 3889 penduntz
572 3838 634 3894 pay.
667 3845 707 3894 47.
724 3842 891 3892 pronepos:
906 3830 1127 3894 great-grandson.

400 3938 422 3976 M
