2948 4368
415 314 539 370 canus
569 313 658 370 Anu)
689 314 939 372 mosomum
1108 301 1152 392 63

204 496 291 558 hanc
308 496 416 560 habeo
432 497 563 574 sedem;
589 517 689 578 quam
705 506 751 572 tu,
769 499 951 573 mitissima,
968 515 1073 561 serva.

205 608 301 700 Mota
318 609 390 671 loco
407 609 542 671 cursim
559 608 708 690 tantique
725 629 784 691 per
800 611 953 691 aequoris
969 609 1075 672 undas

202 720 350 783 advehar
367 721 552 805 Ortygiam,
570 721 680 784 veniet
696 721 884 784 narratibus
900 722 981 785 hora

202 834 403 914 tempestiva
418 835 509 908 meis,
527 854 603 896 cum
619 843 655 896 tu
672 853 818 916 curaque
834 833 944 896 levata

140 963 188 1015 145
201 954 235 1007 et
250 945 363 1007 vultus
379 946 523 1008 melioris
539 945 612 1008 eris
661 945 747 1009 Mihi
764 947 877 1026 pervia
893 947 992 1009 tellus

200 1057 341 1138 praebet
356 1059 426 1133 iter,
443 1057 623 1140 subterque
639 1058 722 1121 imas
738 1058 849 1121 ablata
864 1078 1024 1122 cavernas

201 1169 255 1232 hic
271 1179 373 1251 caput
388 1171 503 1233 attollo
518 1170 722 1251 desuetaque
738 1171 846 1233 sidera
862 1190 971 1234 cerno.

202 1282 294 1363 Ergo
312 1282 391 1343 dum
408 1282 526 1366 Stygio
543 1282 604 1344 sub
620 1282 716 1345 terris
732 1283 864 1364 gurgite
880 1267 982 1360 labor,

199 1395 273 1456 visa
289 1404 346 1456 tua
362 1404 413 1457 est
428 1395 532 1457 oculis
548 1395 613 1457 illic
632 1395 831 1477 Proserpina
847 1395 986 1470 nostris3

140 1529 189 1581 150
201 1506 258 1568 illa
274 1506 408 1587 quidem
426 1506 528 1569 tristis
544 1526 652 1588 neque
670 1507 778 1569 adhuc
794 1506 945 1569 interrita
960 1507 1063 1582 vultu,

201 1619 261 1682 sed
277 1619 394 1698 regina
410 1628 532 1693 tamen,
550 1619 608 1682 sed
625 1619 721 1701 opaci
737 1620 879 1680 maxima
895 1619 1019 1694 mundi,

201 1731 261 1794 sed
276 1740 391 1792 tamen
407 1731 531 1816 inferni
546 1731 676 1812 pollens
693 1740 843 1793 matrona
859 1731 1023 1814 tyranni.''

248 1845 361 1905 Mater
376 1843 419 1905 ad
435 1842 566 1905 auditas
582 1843 708 1924 stupuit
724 1862 784 1906 ceu
800 1863 899 1904 saxea
914 1863 1023 1917 voces,

201 1955 431 2037 attonitaeque
447 1955 503 2017 diu
519 1955 633 2017 similis
649 1955 721 2017 fuit.
769 1956 884 2036 thue
900 1954 1012 2017 dolore

116 2138 119 2141 ,
142 2085 190 2137 155
202 2068 302 2150 pulsa
317 2067 412 2149 gravi
427 2068 538 2149 gravis
553 2076 604 2130 est
619 2068 774 2141 amentia,
792 2066 942 2129 curribus
958 2086 1057 2129 auras

202 2179 270 2243 exit
286 2179 321 2241 in
337 2179 510 2242 aetherias.
559 2178 611 2241 Ibi
626 2187 696 2241 toto
712 2178 825 2240 nubila
839 2179 933 2240 vultu

203 2301 283 2354 ante
302 2292 416 2354 Iovem
434 2292 543 2373 passis
560 2290 650 2353 stetit
666 2289 827 2352 invidiosa
843 2290 982 2371 capillis

205 2409 224 2435 “
236 2424 297 2485 pro
308 2404 326 2427 '’
338 2424 402 2484 que
414 2409 431 2434 “
442 2424 516 2466 meo
525 2403 602 2465 veni
615 2403 756 2484 supplex
767 2401 834 2476 tibi,
847 2402 1030 2484 Iuppiter,”
1042 2400 1156 2482 inquit,
1176 2415 1250 2463 ceres

206 2517 401 2595 “sanguine
417 2535 543 2596 proque
562 2524 629 2577 tuo,
677 2514 713 2577 Si
732 2515 822 2575 nulla
841 2524 891 2576 est
911 2515 1018 2595 gratia
1035 2514 1157 2588 matria,
1176 2502 1255 2610 {orm

146 2638 193 2687 160
204 2637 287 2688 nata
303 2636 432 2708 patrem
448 2635 588 2689 moveat.
634 2627 710 2688 Neu
726 2626 767 2688 sit
782 2625 842 2687 tibi
858 2647 946 2700 cura,
965 2645 1147 2706 precamur,
1175 2640 1237 2700 Jove

204 2738 302 2801 vilior
317 2737 412 2814 illius,
430 2740 518 2820 quod
534 2748 647 2801 nostro
664 2747 715 2800 est
731 2738 821 2800 edita
837 2747 943 2817 partu.

207 2852 262 2912 En
279 2850 429 2932 quaesita
443 2852 499 2913 diu
515 2851 650 2914 tandem
667 2850 747 2912 mihi
763 2859 841 2912 nata
856 2858 989 2931 reperta
1004 2859 1073 2926 est;

206 2964 236 3024 si
251 2961 396 3043 reperire
412 2983 512 3025 vocas
528 2963 679 3024 amittere
695 2960 827 3036 certius,
845 2971 902 3023 aut
919 2962 945 3023 si

189 3125 194 3134 .
207 3074 293 3137 scire
306 3074 361 3135 ubi
378 3075 428 3149 sit,
446 3073 590 3155 reperire
605 3095 714 3137 vocas.
767 3073 866 3155 Quod
882 3082 988 3153 rapta,
1002 3073 1157 3148 feremus,

149 3201 194 3266 165
207 3186 288 3248 dum
299 3187 397 3248 modo
408 3186 524 3249 reddat
533 3206 615 3248 eam.
637 3187 754 3267 Neque
765 3186 851 3246 enim
864 3184 1032 3265 praedone
1042 3186 1159 3248 marito

208 3299 276 3360 filia
293 3298 395 3379 digna
410 3307 467 3360 tua
483 3308 542 3373 est,
564 3298 591 3360 si
607 3297 671 3359 iam
689 3318 762 3359 mea
779 3298 844 3358 filia
860 3317 926 3358 non
943 3297 1024 3359 est.’'

254 3410 406 3490 Iuppiter
418 3410 556 3490 excepit,
571 3415 588 3441 “
601 3410 784 3472 Commune
801 3417 851 3471 est
870 3410 993 3489 pignus
1009 3429 1160 3491 onusque

209 3530 289 3583 nata
305 3523 385 3582 mihi
400 3531 527 3596 tecum;
552 3521 610 3584 sed
627 3520 655 3583 si
671 3521 770 3582 modo
787 3520 921 3583 nomina
937 3520 1036 3584 rebus

210 3634 334 3696 addere
350 3653 429 3696 vera
445 3636 563 3714 placet,
582 3654 648 3695 non
666 3633 728 3694 hoc
744 3633 864 3695 iniuria
881 3633 1018 3709 factum,

155 3769 199 3814 170
210 3765 326 3808 verum
340 3764 431 3806 amor
443 3755 501 3808 est.
540 3746 658 3828 Neque
669 3744 730 3806 erit
742 3744 838 3806 nobis
851 3765 954 3825 gener
965 3744 1019 3808 ilie
1033 3745 1156 3826 pudori,
