2996 4368
320 325 386 392 108
526 331 776 390 SELECTIONS
806 331 924 389 FROM
954 330 1058 388 OVID

327 595 482 667 XXIII.
538 595 818 668 EPILOGUE
841 595 915 666 TO
941 594 1260 665 METAMOR-

692 721 896 792 PHOSES

361 891 499 973 Iamque
516 911 601 971 opus
617 888 712 969 exegi
729 888 816 970 quod
836 906 898 950 nec
919 887 1008 949 Iovis
1027 888 1076 948 lra
1091 907 1152 950 nec
1168 887 1256 968 ignis

315 1024 376 1067 nec
393 1002 514 1085 poterit
530 1003 655 1065 ferrum
671 1021 732 1063 nec
749 1000 833 1062 edax
849 998 981 1062 abolere
997 1007 1155 1062 vetustas.

316 1117 401 1180 Cum
417 1115 515 1192 volet,
532 1115 589 1177 illa
604 1114 674 1177 dies
691 1133 775 1195 quae
791 1113 838 1174 nil
853 1111 916 1174 nisi
932 1111 1078 1192 corporis
1096 1111 1194 1174 huius

315 1230 367 1291 ius
383 1228 483 1292 habet
498 1225 614 1291 incerti
631 1226 774 1308 spatium
792 1224 872 1286 mihi
887 1223 980 1287 finiat
995 1223 1087 1299 aevi;

317 1351 411 1424 parte
427 1351 538 1404 tamen
556 1340 690 1403 meliore
707 1335 771 1402 mei
787 1357 887 1418 super
904 1337 971 1399 alta
988 1335 1142 1417 perennis
1314 1347 1329 1402 5

317 1463 404 1516 astra
420 1455 517 1529 ferar,
535 1472 722 1534 nomenque
738 1452 799 1514 erit
816 1448 991 1513 indelebile
1007 1457 1166 1511 nostrum.

317 1567 459 1648 Quaque
476 1574 568 1647 patet
584 1564 716 1628 domitis
735 1565 887 1626 Romana
904 1560 1054 1645 potentia
1069 1559 1173 1635 terris,

317 1699 373 1742 ore
390 1680 482 1760 legar
498 1678 614 1759 populi
630 1698 755 1759 perque
771 1675 882 1738 omnia
899 1675 1032 1738 saecula
1041 1674 1149 1749 -lama,

317 1790 344 1854 si
361 1791 439 1873 quid
457 1790 580 1853 habent
595 1791 664 1853 veri
680 1798 793 1852 vatum
810 1775 993 1870 praesagia,
1011 1786 1130 1850 vivam.

726 1982 862 2026 ’‘09⁰-

380 2135 526 2208 XXIV.
562 2133 837 2205 ROMULUS
864 2133 981 2203 AND
1012 2131 1205 2202 REMUS

320 2320 474 2382 Forsitan
491 2327 524 2382 et
540 2339 681 2400 quaeras
698 2337 757 2381 cur
773 2319 816 2381 sit
831 2318 923 2382 locus
939 2317 994 2380 ille
1014 2305 1189 2399 Lupercal,

362 2451 489 2512 quaeve
505 2430 597 2493 diem'
608 2430 667 2494 tali
681 2432 816 2494 nomine
832 2449 933 2493 causa
948 2429 1064 2492 notet?

320 2543 422 2608 Silvia
437 2543 584 2606 Vestalis
600 2544 756 2606 caelestia
772 2543 899 2620 semina
915 2551 1013 2624 partu

363 2656 521 2732 ediderat,
539 2665 658 2737 patruo
674 2675 779 2736 regna
794 2663 930 2718 tenente
947 2675 1015 2717 su0.

323 2768 357 2830 Is
373 2767 464 2830 iubet
481 2769 603 2830 auferri
620 2788 740 2849 parvos
756 2778 790 2831 et
806 2767 839 2830 in
856 2787 954 2830 amne
970 2767 1090 2830 necari.

365 2880 454 2961 Quid
471 2880 577 2943 lacis?
624 2881 674 2942 Ex
689 2880 760 2942 istis
778 2880 941 2943 Romulus
956 2879 1041 2942 alter
1055 2877 1126 2941 erit.

322 2992 417 3054 Iussa
434 3001 627 3056 recusantes
645 3003 811 3074 peragunt
828 2991 1001 3055 lacrimosa
1017 2987 1158 3052 ministri

272 3146 276 3152 -
362 3102 459 3184 (flent
473 3103 609 3188 tamen),
631 3115 664 3168 et
680 3105 831 3186 geminos
848 3105 881 3168 in
898 3104 970 3167 loca
982 3105 1073 3166 iussa
1088 3103 1209 3164 lerunt,

322 3215 455 3292 Albula,
473 3238 572 3299 quem
588 3218 735 3281 Tiberim
753 3237 880 3281 mersus
895 3216 1073 3279 Tiberinus
1089 3213 1122 3276 in
1138 3211 1236 3276 undis

364 3328 517 3406 reddidit,
536 3329 682 3392 hibernis
698 3331 786 3394 forte
802 3329 950 3393 tumebat
966 3327 1070 3410 aquis.
1302 3344 1333 3379 10

322 3440 398 3516 Hic,
416 3441 472 3504 ubi
488 3463 577 3504 nunc
593 3443 667 3504 fora
684 3452 769 3517 sunt,
788 3441 893 3504 lintris
910 3460 1020 3503 errare
1036 3439 1176 3513 videres,
1407 3425 1409 3428 ⁵

363 3572 496 3634 quaque
512 3553 621 3616 iacent
637 3555 750 3629 valles,
768 3555 909 3616 maxime
926 3550 1032 3627 Circe,
1049 3561 1136 3614 tuae.

323 3663 400 3725 Huc
413 3663 469 3727 ubi
480 3676 643 3728 venerunt
654 3664 779 3748 (neque
792 3667 879 3729 enlm
893 3664 1072 3746 procedere
1086 3668 1228 3745 possunt

366 3775 520 3858 longius),
541 3797 580 3838 ex
596 3777 659 3839 illis
676 3798 762 3840 unus
779 3789 811 3841 et
828 3778 910 3840 alter
926 3776 989 3838 ait:
