<?xml version="1.0" encoding="UTF-8"?>
<!DOCTYPE html PUBLIC "-//W3C//DTD XHTML 1.0 Transitional//EN"
    "http://www.w3.org/TR/xhtml1/DTD/xhtml1-transitional.dtd">
<html xmlns="http://www.w3.org/1999/xhtml" xml:lang="en" lang="en">
 <head>
  <title>
</title>
<meta http-equiv="Content-Type" content="text/html;charset=utf-8" />
  <meta name='ocr-system' content='tesseract 3.04.00' />
  <meta name='ocr-capabilities' content='ocr_page ocr_carea ocr_par ocr_line ocrx_word'/>
</head>
<body>
  <div class='ocr_page' id='page_1' title='image "./poemsovidselect00ovidgoog_0073.png"; bbox 0 0 2948 4368; ppageno 0'>
   <div class='ocr_carea' id='block_1_1' title="bbox 306 313 1078 398">
    <p class='ocr_par' dir='ltr' id='par_1_1' title="bbox 306 313 1078 398">
     <span class='ocr_line' id='line_1_1' title="bbox 306 313 1078 398; baseline -0.004 -24"><span class='ocrx_word' id='word_1_1' title='bbox 306 322 353 398; x_wconf 79' lang='lat'>50</span> <span class='ocrx_word' id='word_1_2' title='bbox 521 315 771 373; x_wconf 75' lang='lat' dir='ltr'>sntscrrous</span> <span class='ocrx_word' id='word_1_3' title='bbox 801 314 917 372; x_wconf 82' lang='lat' dir='ltr'>raom</span> <span class='ocrx_word' id='word_1_4' title='bbox 949 313 1078 394; x_wconf 16' lang='lat' dir='ltr'>ovm,</span> 
     </span>
    </p>
   </div>
   <div class='ocr_carea' id='block_1_2' title="bbox 301 497 1305 3506">
    <p class='ocr_par' dir='ltr' id='par_1_2' title="bbox 304 497 1305 585">
     <span class='ocr_line' id='line_1_2' title="bbox 304 497 1305 585; baseline -0.001 -25"><span class='ocrx_word' id='word_1_5' title='bbox 304 498 445 575; x_wconf 88' lang='lat' dir='ltr'><strong>miscuit,</strong></span> <span class='ocrx_word' id='word_1_6' title='bbox 462 509 496 562; x_wconf 88' lang='lat' dir='ltr'>et</span> <span class='ocrx_word' id='word_1_7' title='bbox 511 499 629 581; x_wconf 86' lang='lat' dir='ltr'>gelidis</span> <span class='ocrx_word' id='word_1_8' title='bbox 644 500 678 561; x_wconf 90' lang='lat' dir='ltr'>in</span> <span class='ocrx_word' id='word_1_9' title='bbox 694 498 839 562; x_wconf 89' lang='lat' dir='ltr'>vultibus</span> <span class='ocrx_word' id='word_1_10' title='bbox 855 497 969 562; x_wconf 86' lang='lat' dir='ltr'>oscula</span> <span class='ocrx_word' id='word_1_11' title='bbox 986 498 1100 579; x_wconf 86' lang='lat' dir='ltr'>figens,</span> <span class='ocrx_word' id='word_1_12' title='bbox 1271 519 1305 585; x_wconf 82' lang='lat'>85</span> 
     </span>
    </p>

    <p class='ocr_par' dir='ltr' id='par_1_3' title="bbox 305 608 1232 696">
     <span class='ocr_line' id='line_1_3' title="bbox 305 608 1232 696; baseline -0.001 -23"><span class='ocrx_word' id='word_1_13' title='bbox 305 617 323 643; x_wconf 89' lang='lat'><strong>“</strong></span> <span class='ocrx_word' id='word_1_14' title='bbox 335 611 506 696; x_wconf 86' lang='lat' dir='ltr'>Pyrame,&#39;&#39;</span> <span class='ocrx_word' id='word_1_15' title='bbox 524 612 688 688; x_wconf 85' lang='lat' dir='ltr'>clamavit,</span> <span class='ocrx_word' id='word_1_16' title='bbox 708 613 811 695; x_wconf 89' lang='lat' dir='ltr'>“quis</span> <span class='ocrx_word' id='word_1_17' title='bbox 828 621 860 674; x_wconf 92' lang='lat' dir='ltr'>te</span> <span class='ocrx_word' id='word_1_18' title='bbox 877 611 958 673; x_wconf 91' lang='lat' dir='ltr'>mihi</span> <span class='ocrx_word' id='word_1_19' title='bbox 974 630 1071 673; x_wconf 87' lang='lat' dir='ltr'>casus</span> <span class='ocrx_word' id='word_1_20' title='bbox 1087 608 1232 673; x_wconf 85' lang='lat' dir='ltr'>ademit?</span> 
     </span>
    </p>

    <p class='ocr_par' dir='ltr' id='par_1_4' title="bbox 304 722 1151 809">
     <span class='ocr_line' id='line_1_4' title="bbox 304 722 1151 809; baseline -0.002 -23"><span class='ocrx_word' id='word_1_21' title='bbox 304 726 454 809; x_wconf 90' lang='lat' dir='ltr'>Pyrame,</span> <span class='ocrx_word' id='word_1_22' title='bbox 471 725 655 806; x_wconf 87' lang='lat' dir='ltr'><strong>responde!</strong></span> <span class='ocrx_word' id='word_1_23' title='bbox 701 726 776 788; x_wconf 90' lang='lat' dir='ltr'>Tua</span> <span class='ocrx_word' id='word_1_24' title='bbox 791 734 824 787; x_wconf 87' lang='lat' dir='ltr'>te</span> <span class='ocrx_word' id='word_1_25' title='bbox 840 723 1010 787; x_wconf 90' lang='lat' dir='ltr'>carissima</span> <span class='ocrx_word' id='word_1_26' title='bbox 1025 722 1151 786; x_wconf 90' lang='lat' dir='ltr'>Thisbe</span> 
     </span>
    </p>

    <p class='ocr_par' dir='ltr' id='par_1_5' title="bbox 303 835 1153 919">
     <span class='ocr_line' id='line_1_5' title="bbox 303 835 1153 919; baseline -0.002 -19"><span class='ocrx_word' id='word_1_27' title='bbox 303 837 461 901; x_wconf 88' lang='lat' dir='ltr'>nominat.</span> <span class='ocrx_word' id='word_1_28' title='bbox 505 838 634 900; x_wconf 86' lang='lat' dir='ltr'>Exaudi</span> <span class='ocrx_word' id='word_1_29' title='bbox 649 837 825 919; x_wconf 89' lang='lat' dir='ltr'>vultusque</span> <span class='ocrx_word' id='word_1_30' title='bbox 842 837 954 900; x_wconf 80' lang='lat' dir='ltr'>attolle</span> <span class='ocrx_word' id='word_1_31' title='bbox 970 835 1124 899; x_wconf 86' lang='lat' dir='ltr'>iacentis!</span> <span class='ocrx_word' id='word_1_32' title='bbox 1136 836 1153 859; x_wconf 91' lang='lat'>”</span> 
     </span>
    </p>

    <p class='ocr_par' dir='ltr' id='par_1_6' title="bbox 303 949 1160 1030">
     <span class='ocr_line' id='line_1_6' title="bbox 303 949 1160 1030; baseline -0.002 -18"><span class='ocrx_word' id='word_1_33' title='bbox 303 950 360 1013; x_wconf 89' lang='lat' dir='ltr'>Ad</span> <span class='ocrx_word' id='word_1_34' title='bbox 376 970 496 1014; x_wconf 88' lang='lat' dir='ltr'>nomen</span> <span class='ocrx_word' id='word_1_35' title='bbox 514 950 657 1014; x_wconf 91' lang='lat' dir='ltr'>Thisbes</span> <span class='ocrx_word' id='word_1_36' title='bbox 673 950 786 1013; x_wconf 88' lang='lat' dir='ltr'>oeulos</span> <span class='ocrx_word' id='word_1_37' title='bbox 803 949 867 1012; x_wconf 88' lang='lat' dir='ltr'>iam</span> <span class='ocrx_word' id='word_1_38' title='bbox 884 959 990 1012; x_wconf 88' lang='lat' dir='ltr'>morte</span> <span class='ocrx_word' id='word_1_39' title='bbox 1006 958 1160 1030; x_wconf 88' lang='lat' dir='ltr'>gravatos</span> 
     </span>
    </p>

    <p class='ocr_par' dir='ltr' id='par_1_7' title="bbox 305 1061 1305 1146">
     <span class='ocr_line' id='line_1_7' title="bbox 305 1061 1305 1146; baseline -0.003 -22"><span class='ocrx_word' id='word_1_40' title='bbox 305 1063 465 1146; x_wconf 86' lang='lat' dir='ltr'>Pyramus</span> <span class='ocrx_word' id='word_1_41' title='bbox 481 1063 585 1126; x_wconf 89' lang='lat' dir='ltr'>erexit</span> <span class='ocrx_word' id='word_1_42' title='bbox 600 1064 737 1144; x_wconf 88' lang='lat' dir='ltr'>visaque</span> <span class='ocrx_word' id='word_1_43' title='bbox 754 1061 938 1126; x_wconf 89' lang='lat' dir='ltr'>r&#39;econdidit</span> <span class='ocrx_word' id='word_1_44' title='bbox 954 1061 1018 1123; x_wconf 88' lang='lat' dir='ltr'>illa.</span> <span class='ocrx_word' id='word_1_45' title='bbox 1271 1094 1305 1144; x_wconf 91' lang='lat'>90</span> 
     </span>
    </p>

    <p class='ocr_par' dir='ltr' id='par_1_8' title="bbox 304 1174 1230 1257">
     <span class='ocr_line' id='line_1_8' title="bbox 304 1174 1230 1257; baseline -0.003 -21"><span class='ocrx_word' id='word_1_46' title='bbox 304 1174 401 1256; x_wconf 85' lang='lat' dir='ltr'>Quae</span> <span class='ocrx_word' id='word_1_47' title='bbox 417 1185 593 1257; x_wconf 86' lang='lat' dir='ltr'>postquam</span> <span class='ocrx_word' id='word_1_48' title='bbox 609 1184 803 1256; x_wconf 90' lang='lat' dir='ltr'>vestemque</span> <span class='ocrx_word' id='word_1_49' title='bbox 820 1194 913 1237; x_wconf 88' lang='lat' dir='ltr'>suam</span> <span class='ocrx_word' id='word_1_50' title='bbox 930 1175 1086 1254; x_wconf 86' lang='lat' dir='ltr'>cognovit</span> <span class='ocrx_word' id='word_1_51' title='bbox 1101 1182 1135 1236; x_wconf 89' lang='lat' dir='ltr'>et</span> <span class='ocrx_word' id='word_1_52' title='bbox 1150 1192 1230 1234; x_wconf 91' lang='lat' dir='ltr'>ense</span> 
     </span>
    </p>

    <p class='ocr_par' dir='ltr' id='par_1_9' title="bbox 303 1286 1252 1480">
     <span class='ocr_line' id='line_1_9' title="bbox 303 1286 1252 1367; baseline -0.002 -19"><span class='ocrx_word' id='word_1_53' title='bbox 303 1286 385 1350; x_wconf 92' lang='lat' dir='ltr'>vidit</span> <span class='ocrx_word' id='word_1_54' title='bbox 403 1287 484 1350; x_wconf 92' lang='lat' dir='ltr'>ebur</span> <span class='ocrx_word' id='word_1_55' title='bbox 498 1307 649 1362; x_wconf 89' lang='lat' dir='ltr'>vacuum,</span> <span class='ocrx_word' id='word_1_56' title='bbox 669 1292 687 1319; x_wconf 78' lang='lat'>‘⁶</span> <span class='ocrx_word' id='word_1_57' title='bbox 697 1289 772 1349; x_wconf 89' lang='lat' dir='ltr'>Tua</span> <span class='ocrx_word' id='word_1_58' title='bbox 780 1297 812 1350; x_wconf 91' lang='lat' dir='ltr'>te</span> <span class='ocrx_word' id='word_1_59' title='bbox 831 1286 980 1362; x_wconf 87' lang='lat' dir='ltr'>manus,’&#39;</span> <span class='ocrx_word' id='word_1_60' title='bbox 991 1286 1107 1367; x_wconf 88' lang='lat' dir='ltr'>inquit,</span> <span class='ocrx_word' id='word_1_61' title='bbox 1120 1290 1252 1347; x_wconf 87' lang='lat' dir='ltr'>“amor-</span> 
     </span>
     <span class='ocr_line' id='line_1_10' title="bbox 391 1418 455 1480; baseline 0.031 -20"><span class='ocrx_word' id='word_1_62' title='bbox 391 1418 455 1480; x_wconf 94' lang='lat' dir='ltr'>que</span> 
     </span>
    </p>

    <p class='ocr_par' dir='ltr' id='par_1_10' title="bbox 303 1510 1133 1593">
     <span class='ocr_line' id='line_1_11' title="bbox 303 1510 1133 1593; baseline -0.002 -19"><span class='ocrx_word' id='word_1_63' title='bbox 303 1510 455 1593; x_wconf 85' lang='lat' dir='ltr'>perdidit,</span> <span class='ocrx_word' id='word_1_64' title='bbox 472 1510 596 1575; x_wconf 83' lang='lat' dir='ltr'>infelix.</span> <span class='ocrx_word' id='word_1_65' title='bbox 645 1513 706 1574; x_wconf 89' lang='lat' dir='ltr'>Est</span> <span class='ocrx_word' id='word_1_66' title='bbox 722 1521 756 1575; x_wconf 91' lang='lat' dir='ltr'>et</span> <span class='ocrx_word' id='word_1_67' title='bbox 771 1511 852 1574; x_wconf 93' lang='lat' dir='ltr'>mihi</span> <span class='ocrx_word' id='word_1_68' title='bbox 867 1510 964 1574; x_wconf 83' lang='lat' dir='ltr'>fortis</span> <span class='ocrx_word' id='word_1_69' title='bbox 980 1510 1014 1573; x_wconf 94' lang='lat' dir='ltr'>in</span> <span class='ocrx_word' id='word_1_70' title='bbox 1029 1530 1133 1573; x_wconf 91' lang='lat' dir='ltr'>unum</span> 
     </span>
    </p>

    <p class='ocr_par' dir='ltr' id='par_1_11' title="bbox 303 1621 1233 1699">
     <span class='ocr_line' id='line_1_12' title="bbox 303 1621 1233 1699; baseline 0 -15"><span class='ocrx_word' id='word_1_71' title='bbox 303 1623 366 1686; x_wconf 92' lang='lat' dir='ltr'>hoc</span> <span class='ocrx_word' id='word_1_72' title='bbox 383 1643 510 1699; x_wconf 89' lang='lat' dir='ltr'>manus,</span> <span class='ocrx_word' id='word_1_73' title='bbox 528 1633 579 1686; x_wconf 89' lang='lat' dir='ltr'>est</span> <span class='ocrx_word' id='word_1_74' title='bbox 594 1633 628 1686; x_wconf 90' lang='lat' dir='ltr'>et</span> <span class='ocrx_word' id='word_1_75' title='bbox 645 1644 752 1699; x_wconf 81' lang='lat' dir='ltr'>amor3</span> <span class='ocrx_word' id='word_1_76' title='bbox 777 1624 869 1686; x_wconf 90' lang='lat' dir='ltr'>dabit</span> <span class='ocrx_word' id='word_1_77' title='bbox 882 1624 935 1685; x_wconf 91' lang='lat' dir='ltr'>hic</span> <span class='ocrx_word' id='word_1_78' title='bbox 951 1623 983 1685; x_wconf 92' lang='lat' dir='ltr'>in</span> <span class='ocrx_word' id='word_1_79' title='bbox 998 1623 1136 1685; x_wconf 89' lang='lat' dir='ltr'>vulnera</span> <span class='ocrx_word' id='word_1_80' title='bbox 1147 1621 1233 1685; x_wconf 88' lang='lat' dir='ltr'>viris.</span> 
     </span>
    </p>

    <p class='ocr_par' dir='ltr' id='par_1_12' title="bbox 304 1735 1304 1817">
     <span class='ocr_line' id='line_1_13' title="bbox 304 1735 1304 1817; baseline 0 -20"><span class='ocrx_word' id='word_1_81' title='bbox 304 1736 487 1816; x_wconf 89' lang='lat' dir='ltr'>Persequar</span> <span class='ocrx_word' id='word_1_82' title='bbox 503 1737 711 1811; x_wconf 85' lang='lat' dir='ltr'>exstinctum,</span> <span class='ocrx_word' id='word_1_83' title='bbox 729 1735 851 1817; x_wconf 88' lang='lat' dir='ltr'>letique</span> <span class='ocrx_word' id='word_1_84' title='bbox 868 1736 1050 1798; x_wconf 88' lang='lat' dir='ltr'>miserrima</span> <span class='ocrx_word' id='word_1_85' title='bbox 1067 1735 1157 1798; x_wconf 92' lang='lat' dir='ltr'>dicar</span> <span class='ocrx_word' id='word_1_86' title='bbox 1271 1765 1304 1817; x_wconf 81' lang='lat'>95</span> 
     </span>
    </p>

    <p class='ocr_par' dir='ltr' id='par_1_13' title="bbox 302 1847 1205 1929">
     <span class='ocr_line' id='line_1_14' title="bbox 302 1847 1205 1929; baseline -0.002 -19"><span class='ocrx_word' id='word_1_87' title='bbox 302 1866 403 1910; x_wconf 89' lang='lat' dir='ltr'>causa</span> <span class='ocrx_word' id='word_1_88' title='bbox 419 1866 597 1928; x_wconf 90' lang='lat' dir='ltr'>comesque</span> <span class='ocrx_word' id='word_1_89' title='bbox 613 1848 669 1910; x_wconf 89' lang='lat' dir='ltr'>tui.</span> <span class='ocrx_word' id='word_1_90' title='bbox 717 1848 850 1929; x_wconf 84' lang='lat' dir='ltr'>Quique</span> <span class='ocrx_word' id='word_1_91' title='bbox 867 1868 886 1909; x_wconf 87' lang='lat' dir='ltr'>a</span> <span class='ocrx_word' id='word_1_92' title='bbox 902 1868 955 1911; x_wconf 92' lang='lat' dir='ltr'>me</span> <span class='ocrx_word' id='word_1_93' title='bbox 972 1857 1076 1910; x_wconf 87' lang='lat' dir='ltr'>morte</span> <span class='ocrx_word' id='word_1_94' title='bbox 1092 1847 1205 1910; x_wconf 87' lang='lat' dir='ltr'>revelli</span> 
     </span>
    </p>

    <p class='ocr_par' dir='ltr' id='par_1_14' title="bbox 303 1958 1091 2040">
     <span class='ocr_line' id='line_1_15' title="bbox 303 1958 1091 2040; baseline 0.003 -20"><span class='ocrx_word' id='word_1_95' title='bbox 303 1959 367 2021; x_wconf 92' lang='lat' dir='ltr'>heu</span> <span class='ocrx_word' id='word_1_96' title='bbox 385 1958 454 2021; x_wconf 90' lang='lat' dir='ltr'>sola</span> <span class='ocrx_word' id='word_1_97' title='bbox 470 1969 613 2039; x_wconf 87' lang='lat' dir='ltr'>poteras,</span> <span class='ocrx_word' id='word_1_98' title='bbox 631 1959 754 2040; x_wconf 89' lang='lat' dir='ltr'>poteris</span> <span class='ocrx_word' id='word_1_99' title='bbox 771 1980 832 2022; x_wconf 90' lang='lat' dir='ltr'>nec</span> <span class='ocrx_word' id='word_1_100' title='bbox 849 1970 954 2022; x_wconf 89' lang='lat' dir='ltr'>morte</span> <span class='ocrx_word' id='word_1_101' title='bbox 970 1960 1091 2023; x_wconf 91' lang='lat' dir='ltr'>revelli.</span> 
     </span>
    </p>

    <p class='ocr_par' dir='ltr' id='par_1_15' title="bbox 304 2070 1077 2153">
     <span class='ocr_line' id='line_1_16' title="bbox 304 2070 1077 2153; baseline 0.001 -21"><span class='ocrx_word' id='word_1_102' title='bbox 304 2070 380 2133; x_wconf 89' lang='lat' dir='ltr'>Hoc</span> <span class='ocrx_word' id='word_1_103' title='bbox 397 2080 509 2133; x_wconf 89' lang='lat' dir='ltr'>tamen</span> <span class='ocrx_word' id='word_1_104' title='bbox 526 2070 698 2133; x_wconf 88' lang='lat' dir='ltr'>amborum</span> <span class='ocrx_word' id='word_1_105' title='bbox 714 2071 824 2134; x_wconf 91' lang='lat' dir='ltr'>verbis</span> <span class='ocrx_word' id='word_1_106' title='bbox 840 2081 945 2135; x_wconf 88' lang='lat' dir='ltr'>estote</span> <span class='ocrx_word' id='word_1_107' title='bbox 962 2072 1077 2153; x_wconf 84' lang='lat' dir='ltr'>rogati,</span> 
     </span>
    </p>

    <p class='ocr_par' dir='ltr' id='par_1_16' title="bbox 303 2181 1089 2265">
     <span class='ocr_line' id='line_1_17' title="bbox 303 2181 1089 2265; baseline 0.001 -19"><span class='ocrx_word' id='word_1_108' title='bbox 303 2181 334 2246; x_wconf 95' lang='lat' dir='ltr'>O</span> <span class='ocrx_word' id='word_1_109' title='bbox 352 2181 492 2245; x_wconf 88' lang='lat' dir='ltr'>multum</span> <span class='ocrx_word' id='word_1_110' title='bbox 509 2183 628 2259; x_wconf 88' lang='lat' dir='ltr'>miseri,</span> <span class='ocrx_word' id='word_1_111' title='bbox 648 2203 740 2246; x_wconf 92' lang='lat' dir='ltr'>meus</span> <span class='ocrx_word' id='word_1_112' title='bbox 757 2183 909 2265; x_wconf 89' lang='lat' dir='ltr'>illiusque</span> <span class='ocrx_word' id='word_1_113' title='bbox 925 2194 1089 2264; x_wconf 74' lang='lat' dir='ltr'>parentes</span> 
     </span>
    </p>

    <p class='ocr_par' dir='ltr' id='par_1_17' title="bbox 302 2296 1304 2378">
     <span class='ocr_line' id='line_1_18' title="bbox 302 2296 1304 2378; baseline 0.004 -22"><span class='ocrx_word' id='word_1_114' title='bbox 302 2302 339 2358; x_wconf 92' lang='lat' dir='ltr'>ut</span> <span class='ocrx_word' id='word_1_115' title='bbox 355 2315 439 2376; x_wconf 94' lang='lat' dir='ltr'>quos</span> <span class='ocrx_word' id='word_1_116' title='bbox 455 2304 564 2358; x_wconf 90' lang='lat' dir='ltr'>certus</span> <span class='ocrx_word' id='word_1_117' title='bbox 580 2315 681 2371; x_wconf 91' lang='lat' dir='ltr'>amor,</span> <span class='ocrx_word' id='word_1_118' title='bbox 699 2317 783 2378; x_wconf 91' lang='lat' dir='ltr'>quos</span> <span class='ocrx_word' id='word_1_119' title='bbox 799 2297 881 2359; x_wconf 92' lang='lat' dir='ltr'>hora</span> <span class='ocrx_word' id='word_1_120' title='bbox 898 2296 1077 2359; x_wconf 89' lang='lat' dir='ltr'>novissima</span> <span class='ocrx_word' id='word_1_121' title='bbox 1092 2297 1206 2370; x_wconf 90' lang='lat' dir='ltr'>iunxit,</span> <span class='ocrx_word' id='word_1_122' title='bbox 1256 2325 1304 2360; x_wconf 87' lang='lat'>100</span> 
     </span>
    </p>

    <p class='ocr_par' dir='ltr' id='par_1_18' title="bbox 302 2406 1017 2488">
     <span class='ocr_line' id='line_1_19' title="bbox 302 2406 1017 2488; baseline 0.003 -20"><span class='ocrx_word' id='word_1_123' title='bbox 302 2406 457 2488; x_wconf 87' lang='lat' dir='ltr'>componi</span> <span class='ocrx_word' id='word_1_124' title='bbox 472 2408 600 2470; x_wconf 86' lang='lat' dir='ltr'>tumulo</span> <span class='ocrx_word' id='word_1_125' title='bbox 616 2428 683 2470; x_wconf 93' lang='lat' dir='ltr'>non</span> <span class='ocrx_word' id='word_1_126' title='bbox 699 2409 874 2472; x_wconf 86' lang='lat' dir='ltr'>invideatis</span> <span class='ocrx_word' id='word_1_127' title='bbox 887 2410 1017 2472; x_wconf 88' lang='lat' dir='ltr'>eodem.</span> 
     </span>
    </p>

    <p class='ocr_par' dir='ltr' id='par_1_19' title="bbox 302 2518 1083 2602">
     <span class='ocr_line' id='line_1_20' title="bbox 302 2518 1083 2602; baseline 0.004 -22"><span class='ocrx_word' id='word_1_128' title='bbox 302 2518 351 2580; x_wconf 86' lang='lat' dir='ltr'>At</span> <span class='ocrx_word' id='word_1_129' title='bbox 367 2528 411 2594; x_wconf 92' lang='lat' dir='ltr'>tu,</span> <span class='ocrx_word' id='word_1_130' title='bbox 430 2539 515 2601; x_wconf 92' lang='lat' dir='ltr'>quae</span> <span class='ocrx_word' id='word_1_131' title='bbox 532 2520 632 2582; x_wconf 89' lang='lat' dir='ltr'>ramis</span> <span class='ocrx_word' id='word_1_132' title='bbox 648 2519 745 2582; x_wconf 87' lang='lat' dir='ltr'>arbor</span> <span class='ocrx_word' id='word_1_133' title='bbox 761 2521 946 2584; x_wconf 87' lang='lat' dir='ltr'>miserabile</span> <span class='ocrx_word' id='word_1_134' title='bbox 962 2541 1083 2602; x_wconf 87' lang='lat' dir='ltr'>corpus</span> 
     </span>
    </p>

    <p class='ocr_par' dir='ltr' id='par_1_20' title="bbox 302 2631 1068 2712">
     <span class='ocr_line' id='line_1_21' title="bbox 302 2631 1068 2712; baseline 0.005 -21"><span class='ocrx_word' id='word_1_135' title='bbox 302 2650 389 2692; x_wconf 92' lang='lat' dir='ltr'>nunc</span> <span class='ocrx_word' id='word_1_136' title='bbox 406 2631 492 2712; x_wconf 88' lang='lat' dir='ltr'>tegis</span> <span class='ocrx_word' id='word_1_137' title='bbox 508 2631 614 2706; x_wconf 92' lang='lat' dir='ltr'>unius,</span> <span class='ocrx_word' id='word_1_138' title='bbox 633 2651 707 2694; x_wconf 90' lang='lat' dir='ltr'>mox</span> <span class='ocrx_word' id='word_1_139' title='bbox 724 2652 760 2695; x_wconf 91' lang='lat' dir='ltr'>es</span> <span class='ocrx_word' id='word_1_140' title='bbox 776 2642 903 2695; x_wconf 85' lang='lat' dir='ltr'>tectura</span> <span class='ocrx_word' id='word_1_141' title='bbox 919 2633 1068 2707; x_wconf 90' lang='lat' dir='ltr'>duorum,</span> 
     </span>
    </p>

    <p class='ocr_par' dir='ltr' id='par_1_21' title="bbox 302 2740 1140 2825">
     <span class='ocr_line' id='line_1_22' title="bbox 302 2740 1140 2825; baseline 0.004 -21"><span class='ocrx_word' id='word_1_142' title='bbox 302 2740 399 2822; x_wconf 87' lang='lat' dir='ltr'>signa</span> <span class='ocrx_word' id='word_1_143' title='bbox 414 2751 490 2807; x_wconf 91' lang='lat' dir='ltr'>tene</span> <span class='ocrx_word' id='word_1_144' title='bbox 506 2743 626 2818; x_wconf 74' lang='lat' dir='ltr'>caedis</span> <span class='ocrx_word' id='word_1_145' title='bbox 645 2744 819 2825; x_wconf 90' lang='lat' dir='ltr'>pullosque</span> <span class='ocrx_word' id='word_1_146' title='bbox 835 2754 870 2807; x_wconf 85' lang='lat' dir='ltr'>et·</span> <span class='ocrx_word' id='word_1_147' title='bbox 883 2744 1027 2807; x_wconf 89' lang='lat' dir='ltr'>luctibus</span> <span class='ocrx_word' id='word_1_148' title='bbox 1043 2754 1140 2824; x_wconf 89' lang='lat' dir='ltr'>aptos</span> 
     </span>
    </p>

    <p class='ocr_par' dir='ltr' id='par_1_22' title="bbox 302 2855 1302 2938">
     <span class='ocr_line' id='line_1_23' title="bbox 302 2855 1302 2938; baseline 0.005 -22"><span class='ocrx_word' id='word_1_149' title='bbox 302 2873 434 2936; x_wconf 88' lang='lat' dir='ltr'>semper</span> <span class='ocrx_word' id='word_1_150' title='bbox 450 2855 536 2918; x_wconf 95' lang='lat' dir='ltr'>habe</span> <span class='ocrx_word' id='word_1_151' title='bbox 552 2855 650 2931; x_wconf 86' lang='lat' dir='ltr'>fetus,</span> <span class='ocrx_word' id='word_1_152' title='bbox 668 2856 792 2937; x_wconf 87' lang='lat' dir='ltr'>gemini</span> <span class='ocrx_word' id='word_1_153' title='bbox 808 2866 1024 2918; x_wconf 89' lang='lat' dir='ltr'>monumenta</span> <span class='ocrx_word' id='word_1_154' title='bbox 1040 2855 1196 2919; x_wconf 86' lang='lat' dir='ltr'>cruoris.’&#39;</span> <span class='ocrx_word' id='word_1_155' title='bbox 1255 2886 1302 2938; x_wconf 82' lang='lat'>105</span> 
     </span>
    </p>

    <p class='ocr_par' dir='ltr' id='par_1_23' title="bbox 303 2966 1089 3049">
     <span class='ocr_line' id='line_1_24' title="bbox 303 2966 1089 3049; baseline 0.004 -22"><span class='ocrx_word' id='word_1_156' title='bbox 303 2966 405 3042; x_wconf 87' lang='lat' dir='ltr'>Dixit,</span> <span class='ocrx_word' id='word_1_157' title='bbox 423 2976 456 3029; x_wconf 88' lang='lat' dir='ltr'>et</span> <span class='ocrx_word' id='word_1_158' title='bbox 472 2977 587 3049; x_wconf 87' lang='lat' dir='ltr'>aptato</span> <span class='ocrx_word' id='word_1_159' title='bbox 604 2977 719 3048; x_wconf 89' lang='lat' dir='ltr'>pectus</span> <span class='ocrx_word' id='word_1_160' title='bbox 736 2988 892 3031; x_wconf 92' lang='lat' dir='ltr'>mucrone</span> <span class='ocrx_word' id='word_1_161' title='bbox 909 2968 970 3030; x_wconf 92' lang='lat' dir='ltr'>sub</span> <span class='ocrx_word' id='word_1_162' title='bbox 987 2969 1089 3030; x_wconf 91' lang='lat' dir='ltr'>imum</span> 
     </span>
    </p>

    <p class='ocr_par' dir='ltr' id='par_1_24' title="bbox 302 3076 1112 3162">
     <span class='ocr_line' id='line_1_25' title="bbox 302 3076 1112 3162; baseline 0.005 -22"><span class='ocrx_word' id='word_1_163' title='bbox 302 3076 451 3142; x_wconf 89' lang='lat' dir='ltr'>incubuit</span> <span class='ocrx_word' id='word_1_164' title='bbox 467 3080 566 3156; x_wconf 83' lang='lat' dir='ltr'>ferr0,</span> <span class='ocrx_word' id='word_1_165' title='bbox 584 3081 673 3161; x_wconf 91' lang='lat' dir='ltr'>quod</span> <span class='ocrx_word' id='word_1_166' title='bbox 690 3081 798 3143; x_wconf 88' lang='lat' dir='ltr'>adhue</span> <span class='ocrx_word' id='word_1_167' title='bbox 814 3101 834 3142; x_wconf 89' lang='lat' dir='ltr'>a</span> <span class='ocrx_word' id='word_1_168' title='bbox 850 3081 952 3143; x_wconf 88' lang='lat' dir='ltr'>caede</span> <span class='ocrx_word' id='word_1_169' title='bbox 968 3082 1112 3162; x_wconf 88' lang='lat' dir='ltr'>tepebat.</span> 
     </span>
    </p>

    <p class='ocr_par' dir='ltr' id='par_1_25' title="bbox 301 3169 1204 3274">
     <span class='ocr_line' id='line_1_26' title="bbox 301 3169 1204 3274; baseline 0.004 -22"><span class='ocrx_word' id='word_1_170' title='bbox 301 3190 388 3253; x_wconf 88' lang='lat' dir='ltr'>Vota</span> <span class='ocrx_word' id='word_1_171' title='bbox 403 3199 516 3253; x_wconf 88' lang='lat' dir='ltr'>tamen</span> <span class='ocrx_word' id='word_1_172' title='bbox 531 3192 670 3272; x_wconf 88' lang='lat' dir='ltr'>tetigere</span> <span class='ocrx_word' id='word_1_173' title='bbox 686 3191 775 3267; x_wconf 92' lang='lat' dir='ltr'>deos,</span> <span class='ocrx_word' id='word_1_174' title='bbox 792 3193 930 3273; x_wconf 87' lang='lat' dir='ltr'>tetigere</span> <span class='ocrx_word' id='word_1_175' title='bbox 947 3194 1103 3274; x_wconf 88' lang='lat' dir='ltr'>parentis.</span> <span class='ocrx_word' id='word_1_176' title='bbox 1200 3169 1204 3178; x_wconf 25' lang='grc' dir='ltr'>ι</span> 
     </span>
    </p>

    <p class='ocr_par' dir='ltr' id='par_1_26' title="bbox 303 3302 1163 3385">
     <span class='ocr_line' id='line_1_27' title="bbox 303 3302 1163 3385; baseline 0.005 -21"><span class='ocrx_word' id='word_1_177' title='bbox 303 3302 391 3364; x_wconf 91' lang='lat' dir='ltr'>Nam</span> <span class='ocrx_word' id='word_1_178' title='bbox 409 3304 498 3366; x_wconf 91' lang='lat' dir='ltr'>color</span> <span class='ocrx_word' id='word_1_179' title='bbox 514 3304 547 3366; x_wconf 94' lang='lat' dir='ltr'>in</span> <span class='ocrx_word' id='word_1_180' title='bbox 564 3324 663 3385; x_wconf 91' lang='lat' dir='ltr'>pomo</span> <span class='ocrx_word' id='word_1_181' title='bbox 679 3313 738 3379; x_wconf 88' lang='lat' dir='ltr'>est,</span> <span class='ocrx_word' id='word_1_182' title='bbox 756 3303 812 3366; x_wconf 92' lang='lat' dir='ltr'>ubi</span> <span class='ocrx_word' id='word_1_183' title='bbox 829 3308 1056 3384; x_wconf 90' lang='lat' dir='ltr'>permaturuit,</span> <span class='ocrx_word' id='word_1_184' title='bbox 1075 3315 1163 3382; x_wconf 88' lang='lat' dir='ltr'>ater;</span> 
     </span>
    </p>

    <p class='ocr_par' dir='ltr' id='par_1_27' title="bbox 302 3415 1303 3506">
     <span class='ocr_line' id='line_1_28' title="bbox 302 3415 1303 3506; baseline 0.006 -30"><span class='ocrx_word' id='word_1_185' title='bbox 302 3415 456 3497; x_wconf 90' lang='lat' dir='ltr'>quodque</span> <span class='ocrx_word' id='word_1_186' title='bbox 473 3417 562 3498; x_wconf 85' lang='lat' dir='ltr'>rogis</span> <span class='ocrx_word' id='word_1_187' title='bbox 579 3426 741 3500; x_wconf 88' lang='lat' dir='ltr'>superest,</span> <span class='ocrx_word' id='word_1_188' title='bbox 760 3437 826 3479; x_wconf 87' lang='lat' dir='ltr'>una</span> <span class='ocrx_word' id='word_1_189' title='bbox 842 3418 1018 3506; x_wconf 85' lang='lat' dir='ltr'>requiescit</span> <span class='ocrx_word' id='word_1_190' title='bbox 1034 3419 1066 3483; x_wconf 93' lang='lat' dir='ltr'>in</span> <span class='ocrx_word' id='word_1_191' title='bbox 1083 3438 1175 3482; x_wconf 88' lang='lat' dir='ltr'>urna.</span> <span class='ocrx_word' id='word_1_192' title='bbox 1256 3447 1303 3483; x_wconf 87' lang='lat'>110</span> 
     </span>
    </p>
   </div>
   <div class='ocr_carea' id='block_1_3' title="bbox 0 0 1478 4368">
    <p class='ocr_par' dir='ltr' id='par_1_28' title="bbox 0 0 1478 4368">
     <span class='ocr_line' id='line_1_29' title="bbox 0 0 1478 4368; baseline 0 0"><span class='ocrx_word' id='word_1_193' title='bbox 0 0 1478 4368; x_wconf 95' lang='lat' dir='ltr'> </span> 
     </span>
    </p>
   </div>
  </div>
 </body>
</html>
