2996 4368
465 341 553 399 THE
583 341 723 400 HOUSE
754 343 806 402 OF
835 343 947 402 FAME
1111 355 1174 404 101

229 523 376 606 poscitur
394 545 569 607 aequoreo.
616 525 727 609 Quam
743 525 827 591 dura
842 528 885 591 ad
901 547 981 592 saxa
996 527 1178 593 revinctam

162 667 197 703 20
228 635 375 700 vindicat
390 636 538 713 Alcides,
555 638 785 721 promissaque
802 659 950 717 munera,
967 640 1074 705 dictos

228 751 335 831 poscit
351 769 464 831 equos
511 749 678 832 Tantique
695 752 805 834 operis
822 754 976 817 mercede
992 762 1123 836 negata,

227 861 278 924 bis
295 862 427 942 periura
443 862 532 943 capit
547 873 723 945 superatae
739 865 870 929 moenia
885 866 1014 932 Troiae.

230 975 302 1037 Nec
318 994 396 1055 pars
412 973 556 1051 militiae,
574 975 745 1054 Telamon,
764 977 835 1042 sine
853 979 979 1044 honore
995 982 1141 1057 recessit,

229 1086 446 1168 Hesioneque
462 1087 540 1149 data
556 1087 689 1170 potitur.
740 1091 828 1154 Nam
845 1091 986 1174 coniuge
1004 1093 1122 1156 Peleus

162 1231 195 1282 ²5
226 1199 336 1261 clarus
351 1207 423 1261 erat
438 1199 523 1275 diva,
540 1219 649 1282 neque
665 1202 719 1265 avi
737 1203 845 1285 magis
860 1205 915 1268 ille
932 1205 1082 1288 superbit

226 1310 361 1373 nomine
378 1330 476 1392 quam
495 1311 619 1390 soceri;
645 1313 810 1395 siquidem
827 1315 918 1380 lovis
934 1336 1008 1379 esse
1023 1319 1139 1400 nepoti

227 1422 367 1504 contigit
383 1423 471 1486 haud
488 1424 554 1500 uni,
572 1425 715 1488 coniunx
732 1426 795 1490 dea
810 1427 950 1510 contigit
966 1429 1031 1492 uni.

634 1651 770 1678 —000—

317 1813 427 1884 XXI.
464 1812 585 1884 THE
615 1811 803 1885 HOUSE
833 1812 902 1883 OF
933 1811 1088 1883 FAME

272 1988 363 2053 Orbe
380 1989 471 2053 locus
488 1989 598 2053 medio
614 1999 665 2054 est
680 1992 767 2052 inter
782 1998 954 2070 terrasque
971 1989 1162 2071 fretumque
1196 1991 1253 2040 site

227 2101 446 2185 caelestisque
463 2103 590 2186 plagas,
608 2100 746 2184 triplicis
764 2100 907 2165 confinia
922 2101 1045 2178 mundi,
1195 2067 1241 2190 ἓξ.

227 2214 316 2277 unde
334 2214 422 2296 quod
437 2225 489 2278 est
504 2235 655 2297 usquam,
676 2215 827 2297 quamvis
845 2212 1035 2295 regionibus
1051 2212 1147 2291 absit,
1195 2216 1329 2276 arr-ming

227 2335 409 2418 inspicitur,
428 2345 648 2419 penetratque
668 2356 767 2400 cavas
783 2356 848 2398 vox
863 2335 970 2398 omnis
985 2335 1027 2397 ad
1043 2334 1140 2398 auris.
1197 2293 1346 2425 ffilhmg

180 2470 195 2522 5
228 2449 335 2511 Fama
350 2459 442 2512 tenet
458 2469 654 2531 summaque
673 2449 808 2512 domum
826 2446 888 2510 sibi
904 2446 985 2528 legit
1000 2447 1032 2509 in
1050 2467 1135 2523 arce,
1196 2439 1280 2487 “W

227 2560 487 2643 innumerosque
502 2562 612 2624 aditus
632 2581 670 2624 ac
687 2560 775 2623 mille
793 2559 958 2623 foramina
973 2559 1070 2623 tectis

228 2672 364 2750 addidit,
382 2683 416 2737 ct
430 2673 530 2737 nullis
546 2673 679 2737 inclusit
696 2672 811 2735 limina
827 2671 939 2753 portis.

229 2786 339 2849 Nocte
355 2786 473 2868 dieque
490 2797 591 2869 patet.
640 2787 728 2850 Tota
744 2795 794 2850 est
811 2805 851 2849 ex
866 2804 942 2872 aere
959 2785 1107 2860 sonanti;

227 2907 298 2960 tota
314 2895 427 2961 fremit
442 2919 608 2982 vocesque
625 2899 737 2974 refert,
756 2897 920 2978 iteratque
937 2896 1026 2978 quod
1043 2895 1142 2959 audit.

166 3042 200 3077 ιο
229 3010 332 3072 Nulla
348 3013 442 3092 quies
457 3013 556 3088 intus,
573 3011 731 3094 nullaque
751 3010 881 3073 silentia
898 3017 1001 3090 parte.

229 3122 303 3185 Nec
318 3132 430 3187 tamen
447 3134 497 3187 est
513 3124 646 3200 clamor,
664 3125 723 3187 sed
745 3143 867 3205 parvae
887 3141 1056 3184 murmura
1070 3121 1171 3198 vocis,

229 3235 340 3316 qualia
355 3236 396 3299 de
412 3236 532 3318 pelagi,
550 3238 577 3300 si
594 3236 669 3318 quis
686 3235 801 3320 procul
818 3233 939 3310 audiat,
958 3233 1055 3296 undis

228 3367 303 3410 esse
320 3347 446 3424 solent;
471 3351 645 3430 qualemve
662 3369 790 3423 sonum,
808 3367 884 3411 curn
902 3348 1055 3429 Iuppiter
1070 3356 1160 3410 atras

230 3458 395 3541 increpuit
410 3461 518 3536 nubis,
536 3471 684 3524 extrema
700 3460 847 3524 tonitrua
864 3459 1015 3523 reddunt.

168 3606 202 3660 15
275 3571 372 3634 Atria
387 3572 485 3635 turba
497 3582 607 3649 tenet;
630 3573 777 3648 veniunt,
789 3572 861 3635 leve
875 3572 1004 3653 vulgus,
1017 3580 1181 3653 euntque;

231 3681 399 3766 mixtaque
415 3704 490 3747 cum
506 3687 593 3748 veris
610 3685 734 3766 passim
751 3693 939 3747 commenta
955 3693 1121 3765 vagantur

232 3795 321 3857 milia
337 3816 516 3872 rumorum,
534 3798 740 3879 confusaque
757 3796 859 3859 verba
874 3795 1034 3886 volutant.
