2996 4368
541 325 645 382 OVlD
676 325 881 383 BANISHED
1121 333 1162 382 12
1168 332 1186 406 5

226 519 228 521 ’
283 509 444 590 Lunaque
461 516 641 571 nocturnos
658 508 725 570 alta
740 508 879 589 regebat
895 527 1009 590 equos.

240 621 338 683 Hanc
354 640 418 701 ego
434 619 618 702 suspiciens
634 629 668 683 et
683 618 725 682 ab
742 619 804 682 hac
822 619 988 702 Capitolia
1002 639 1153 694 cernens,
1205 627 1326 675 nurum

181 746 212 800 30
281 752 366 814 quae
382 742 496 796 nostro
513 732 637 794 frustra
653 733 765 795 iuncta
781 732 875 795 fuere
894 731 982 807 Lari,

239 845 416 908 “Numina
431 844 547 908 vicinis
563 843 748 907 habitantia
763 843 928 920 sedibus‚''
945 845 1091 925 inquam,

283 959 437 1039 “iamque
453 956 557 1021 oculis
573 976 754 1039 numquam
771 957 897 1038 templa
912 956 1057 1019 videnda
1073 955 1165 1032 meis,

237 1069 336 1151 dique
350 1068 569 1151 relinquendi,
586 1088 670 1150 quos
686 1068 765 1131 urbs
782 1067 883 1132 habet
899 1069 966 1132 alta
983 1067 1123 1150 Quirini,

281 1191 351 1245 este
368 1181 501 1244 salutati
515 1191 649 1263 tempus
665 1182 698 1242 in
715 1200 813 1245 omne
830 1179 921 1244 mihi.

178 1311 210 1366 35
240 1295 284 1357 Et
299 1313 500 1376 quamquam
517 1313 591 1356 sero
606 1293 751 1375 clipeum
768 1302 844 1374 post
860 1293 999 1356 vulnera
1015 1312 1119 1367 sumo,

282 1416 428 1469 attamen
445 1407 530 1469 hanc
547 1405 631 1469 odiis
646 1415 823 1469 exonerate
840 1406 966 1486 fugam,

238 1519 438 1601 caelestique
453 1517 523 1581 viro
540 1517 614 1601 quis
630 1537 683 1580 me
700 1517 870 1599 deceperit
884 1538 976 1581 error

282 1630 388 1707 dicite,
406 1651 466 1712 pro
483 1631 582 1712 culpa
597 1650 639 1693 ne
657 1631 765 1694 scelus
782 1650 856 1693 esse
873 1629 976 1710 p'utet.

238 1745 288 1808 Ut
304 1743 392 1824 quod
408 1763 467 1806 vos
483 1742 583 1818 scitis,
602 1762 730 1824 poenae
747 1762 880 1825 quoque
896 1741 1019 1805 sentiat
1034 1752 1157 1817 auctor,

177 1890 211 1938 40
282 1856 413 1938 placato
429 1875 566 1937 possum
581 1875 650 1919 non
667 1855 766 1918 miser
782 1874 856 1917 esse
873 1854 966 1918 de0.”

239 1968 316 2031 Hac
332 1987 430 2049 prece
446 1967 581 2030 adoravi
597 1987 735 2049 superos
751 1986 833 2047 ego;
859 1965 1008 2047 pluribus
1025 1985 1114 2041 uxor,

282 2079 429 2161 singultu
445 2080 572 2143 medios
588 2079 791 2160 impe'diente
808 2098 917 2141 sonos.
1034 2138 1036 2143 .

239 2193 302 2255 Illa
317 2193 416 2256 etiam
432 2201 510 2255 ante
529 2192 633 2254 Lares
650 2190 774 2272 sparsis
790 2198 915 2252 astrata
930 2189 1058 2270 capillis

281 2305 419 2386 contigit
435 2305 615 2368 exstinctos
631 2323 688 2367 ore
705 2311 868 2366 tremente
884 2302 987 2377 focos

178 2441 209 2494 45
237 2417 407 2499 multaque
423 2417 457 2479 in
473 2417 631 2479 adversos
646 2415 766 2479 effudit
782 2412 885 2478 verba
901 2414 1035 2494 Penatis

283 2550 342 2610 pro
358 2529 530 2609 deplorato
546 2549 613 2591 non
628 2527 771 2590 valitura
785 2526 864 2590 viro.

238 2642 376 2723 Iamque
393 2661 505 2705 morae
521 2641 664 2722 spatium
681 2660 746 2703 nox
762 2637 979 2721 praecipitata
994 2636 1149 2718 negabat,

281 2773 441 2835 versaque
458 2752 498 2814 ab
516 2773 575 2815 axe
593 2773 652 2815 suo
669 2751 841 2814 Parrhasis
859 2751 982 2813 Arctos
997 2758 1078 2812 erat.

238 2866 327 2948 Quid
344 2863 513 2929 facerem?
553 2865 681 2928 Blando
699 2864 826 2946 patriae
843 2862 1009 2927 retinebar
1026 2882 1155 2938 amore;
1203 2859 1349 2918 separation

176 3001 209 3054 50
281 2978 396 3040 ultima
412 2978 471 3040 sed
487 2967 596 3040 iussae
613 2997 678 3039 nox
694 2986 765 3040 erat
781 2977 836 3038 illa
852 2977 963 3057 fugae.
1203 2945 1285 2981 cmm

237 3089 305 3165 Ah,
322 3090 475 3172 quotiens
491 3089 601 3171 aliquo
617 3089 683 3151 dixi
700 3098 911 3170 properante,
932 3085 1051 3168 “Quid
1064 3086 1186 3168 urges?

280 3202 344 3265 Vel
360 3222 426 3283 quo
442 3202 582 3264 festines
599 3200 645 3264 ire
661 3201 714 3263 vel
730 3201 828 3275 unde,
846 3199 953 3262 vide.'’

235 3313 303 3389 Ah,
321 3313 472 3395 quotiens
489 3323 612 3377 certam
629 3333 682 3375 me
699 3333 771 3374 sum
787 3311 946 3375 mentitus
962 3309 1085 3373 habere

281 3425 407 3500 horam,
425 3427 614 3507 propositae
631 3445 716 3506 quae
733 3424 819 3487 foret
835 3433 914 3505 apta
929 3423 1011 3486 viae.

175 3557 207 3612 55
236 3538 304 3599 Ter
319 3537 419 3601 limen
436 3536 539 3618 tetigi,
557 3546 608 3599 ter
624 3557 697 3598 sum
713 3546 896 3611 revocatus,
915 3545 948 3598 et
965 3534 1037 3615 ipse

280 3648 458 3730 indulgens
475 3650 585 3711 animo
603 3669 662 3730 pes
679 3647 760 3710 mihi
776 3648 889 3710 tardus
906 3656 986 3709 erat.

238 3762 348 3842 Saepe
367 3759 475 3821 ‘vale'
493 3765 580 3822 dicto
597 3779 710 3822 rursus
728 3779 798 3822 sum
817 3760 912 3840 plura
929 3762 1068 3832 locutus,
