2948 4368
616 332 742 390 NIOBE

134 539 183 575 100
197 515 399 595 Ingemuere
416 514 522 591 simul,
540 515 637 578 simul
653 515 825 580 incurvata
841 516 954 580 dolore

196 627 348 688 membra
364 627 433 689 solo
450 647 600 709 posuere,
618 629 716 690 simul
732 647 889 710 suprema
904 627 1050 692 iacentes

196 739 324 801 lumina
338 748 523 815 versarunt,
541 740 686 802 animam
703 739 800 804 simul
815 740 1021 804 exhalarunt.

196 851 332 931 Aspicit
348 851 534 932 Alphenor,
553 852 743 934 laniataque
759 862 896 934 pectora
912 853 1077 936 plangens

196 963 340 1038 advolat,
359 972 395 1026 ut
410 963 539 1044 gelidos
555 964 784 1047 complexibus
800 965 931 1029 adlevet
947 975 1047 1042 artus,

135 1094 184 1145 105
196 1075 298 1157 inque
316 1075 370 1156 pio
386 1076 475 1140 cadit
490 1076 606 1140 officio
660 1078 748 1140 Nam
767 1078 885 1142 Delius
900 1077 946 1142 illi

195 1187 315 1250 intima
330 1188 466 1252 fatifero
482 1189 572 1270 rupit
588 1189 781 1270 praecordia
796 1190 895 1254 ferro.

197 1299 299 1380 Quod
313 1300 410 1362 simul
421 1300 579 1364 eductum
592 1311 651 1377 est,
664 1322 742 1383 pars
755 1311 806 1366 est
818 1302 985 1383 pulmonis
998 1303 1031 1365 in
1043 1302 1148 1364 hamis

196 1421 302 1487 eruta,
319 1432 461 1494 cumque
477 1413 588 1476 anima
604 1435 700 1478 cruor
715 1424 766 1478 est
781 1415 912 1479 effusus
927 1415 960 1477 in
976 1435 1082 1478 auras.

197 1524 247 1587 At
263 1544 329 1586 non
347 1524 514 1588 intonsum
531 1525 672 1610 simplex
690 1527 976 1590 Damasichthona
991 1527 1112 1590 vulnus

137 1665 185 1700 no
196 1636 319 1700 adficit.
368 1637 460 1704 Ictus
476 1647 547 1701 erat
563 1659 629 1721 qua
645 1659 721 1702 crus
737 1659 811 1702 esse
828 1639 953 1721 incipit,
969 1649 1003 1703 et
1018 1658 1084 1721 qua

196 1749 311 1810 mollia
326 1769 487 1813 nervosus
504 1750 585 1814 facit
601 1751 787 1815 internodia
803 1753 930 1834 poples.

199 1862 358 1943 Dumque
374 1883 475 1946 manu
491 1872 633 1945 temptat
650 1865 782 1928 trahere
798 1863 962 1928 exitiabile
978 1865 1090 1940 telum,

196 1964 378 2055 alt'eraper
393 1974 550 2056 iugulum.
561 1976 681 2057 pennis
698 1986 796 2040 tenus
812 1986 887 2040 acta
903 1976 1024 2057 sagitta
1040 1986 1100 2040 est.

146 2085 338 2180 Expuht
354 2088 439 2150 hanc
457 2088 603 2169 sanguis,
622 2095 723 2171 seque
740 2088 946 2152 eiaculatus
938 2109 970 2150 m
986 2089 1090 2151 altum

139 2220 185 2294 ιι5
196 2187 319 2294 emicat
334 2200 372 2262 e't
383 2200 482 2284 longe
499 2200 666 2264 terebrata
682 2201 810 2283 prosilit
826 2221 914 2264 aura.

166 2309 355 2397 Ultimus
365 2311 511 2375 Ilioneus
526 2333 594 2375 non
611 2314 804 2394 profectura
821 2313 987 2394 precando

74 2473 77 2478 .
159 2409 353 2490 bracchia
381 2424 610 2530 sustulerat‚‘
614 2425 707 2536 ‘Di''
735 2445 800 2544 que
837 2425 895 2489 “O
930 2419 1149 2488 communiter
1166 2445 1274 2493 maneus

245 2535 433 2611 ',”omnes
1166 2531 1246 2641 {¹¹5⁸

176 2643 360 2723 d1xerat
351 2600 489 2728 rgnarus
504 2669 571 2711 non
588 2651 695 2712 omnis
710 2669 784 2713 esse
800 2649 976 2730 rogandos,
1166 2606 1220 2715 nlla

173 2733 404 2840 “parcite!”
445 2757 565 2823 Motus
574 2771 655 2837 erat,
672 2781 747 2824 cum
764 2761 829 2823 iam
846 2760 1030 2825 revocabile
1046 2761 1149 2824 telum

142 2873 270 2952 rzofnqp'
281 2871 583 2954 iuitsArcitenens.
633 2873 774 2936 Minimo
790 2883 902 2936 tamen
919 2873 1040 2937 occidit
1055 2872 1109 2936 ille

194 2964 345 3058 ilblnere,
362 3004 428 3046 non
446 2985 511 3048 alte
528 3006 685 3068 percusso
701 2986 800 3049 corde
817 2985 948 3067 sagitta.

243 3094 349 3156 Fama
365 3095 442 3158 mali
458 3097 638 3180 populique
654 3098 748 3161 dolor
763 3098 984 3180 lacrimaeque
1000 3118 1135 3161 suorum

196 3214 267 3267 tam
283 3206 411 3270 subitae
428 3219 567 3272 matrem
583 3220 707 3272 certam
723 3211 835 3273 fecere
850 3211 966 3272 ruinae

197 3316 375 3381 mirantem
391 3321 547 3400 potuisse,
565 3323 830 3404 irascentemque
848 3322 937 3403 quod
954 3322 1027 3384 ausi

142 3457 186 3509 125
198 3428 262 3492 hoc
278 3441 390 3494 essent
407 3433 526 3514 superi,
545 3435 633 3515 quod
650 3444 780 3497 tantum
796 3434 876 3496 iuris
892 3433 1061 3497 haberent.

201 3540 289 3603 Nam
307 3553 401 3623 pater
417 3545 590 3627 Amphion
606 3547 695 3610 ferro
711 3567 771 3628 per
787 3555 904 3626 pectus
920 3547 1039 3610 adacto

199 3653 330 3716 finierat
345 3658 488 3720 moriens
505 3659 628 3738 pariter
643 3679 719 3722 cum
736 3659 808 3722 luce
825 3658 982 3722 dolorem.

203 3765 282 3826 Heu
297 3777 458 3848 quantum
474 3769 557 3832 haec
575 3770 683 3834 Niobe
701 3770 809 3833 Niobe
826 3769 969 3833 distabat
985 3769 1027 3832 ab
1044 3770 1099 3831 illa
