2996 4368
405 308 493 364 THE
523 308 749 367 FOUNDING
779 310 832 366 OF
861 310 982 367 ROME
1099 320 1162 368 111

158 502 188 554 Ι5
218 491 323 553 Fossa
339 491 486 573 repletur
502 491 611 567 hum0,
630 493 816 574 plenaeque
832 492 1014 575 imponitur
1030 513 1096 570 ara,

260 612 293 665 et
308 623 414 666 novus
430 623 570 667 accenso
587 605 739 686 iungitur
755 605 833 687 igne
850 606 954 668 iocus

217 715 302 777 Inde
317 735 473 797 premens
490 717 608 778 stivam
625 715 780 798 designat
795 718 927 780 moenia
943 717 1053 793 sulco;
1111 767 1115 776 .

260 827 335 889 alba
350 827 465 909 iugum
481 828 577 892 niveo
593 848 668 891 cum
685 829 770 892 bove
785 849 887 892 vacca
903 829 986 892 tulit.

213 938 290 1001 Vox
305 939 369 1001 ruit
385 941 467 1002 haec
484 941 592 1021 regis:
618 946 636 973 “
649 941 824 1018 Condenti,
843 942 1004 1023 Iuppiter,
1023 941 1150 1019 urbem,
1182 961 1229 1009 ur·

155 1064 187 1099 20
259 1059 293 1112 et
308 1051 438 1131 genitor
455 1053 590 1116 Mavors
606 1054 778 1135 Vestaque
795 1063 909 1130 mater,
927 1055 1016 1118 ades.
1182 1035 1279 1097 mm

215 1161 375 1244 Quosque
393 1164 483 1245 pium
500 1174 550 1226 est
567 1165 725 1228 adhibere
742 1164 832 1241 deos,
851 1167 1012 1230 advertite
1029 1167 1148 1231 cuncti.

258 1274 462 1356 Auspicibus
477 1275 571 1338 vobis
588 1277 650 1339 hoc
666 1277 747 1339 mihi
762 1288 878 1358 surgat
894 1299 986 1360 opus.

216 1386 336 1467 Longa
352 1386 395 1449 sit
410 1387 486 1450 huic
503 1397 595 1450 aetas
611 1388 831 1471 dominaeque
848 1392 997 1471 potentia
1012 1400 1129 1466 terrae,

258 1497 365 1580 sitque
383 1499 444 1562 sub
460 1500 523 1563 hac
539 1500 649 1563 oriens
665 1502 888 1583 occiduusque
904 1503 1006 1565 dies''

156 1632 186 1683 ²5
216 1609 277 1673 Ille
293 1611 500 1692 precabatur.
548 1613 688 1676 Tonitru
704 1614 796 1677 dedit
812 1614 922 1676 omina
938 1614 1033 1677 laevo
1180 1627 1233 1674 rue

259 1723 419 1805 Iuppiter,
437 1734 470 1787 et
487 1725 582 1788 laevo
598 1726 738 1788 fulmina
754 1726 856 1788 missa
872 1726 957 1806 polo.
1179 1701 1310 1824 ἓῗζξέωο

213 1835 367 1916 Augurio
384 1836 461 1900 laeti
477 1836 602 1900 iaciunt
618 1838 815 1900 fundamina
830 1838 928 1913 cives,

257 1957 291 2011 et
306 1970 412 2012 novus
429 1951 549 2030 exiguo
565 1959 715 2032 ternpore
732 1971 846 2013 murus
861 1961 941 2013 erat.

215 2059 291 2124 Hoc
308 2059 404 2125 Celer
421 2071 516 2142 urget
532 2082 625 2143 opus,
639 2083 737 2144 quem
753 2064 915 2126 Romulus
930 2065 1003 2144 ipse
1015 2073 1160 2139 vocarat,

154 2191 185 2242 30
258 2178 276 2204 “
288 2173 362 2236 Sint
372 2175 390 2199 '’
407 2195 482 2256 que,
502 2180 520 2207 “
531 2175 637 2250 Celer,
657 2177 785 2251 curae,'’
804 2175 939 2251 dixerat,
959 2177 1050 2238 “ista
1073 2185 1160 2238 tuae.

214 2285 309 2349 Neve
326 2286 399 2368 quis
414 2296 471 2349 aut
487 2307 599 2350 muros
616 2297 673 2349 aut
689 2289 812 2351 factam
830 2307 962 2350 vomere
979 2289 1106 2351 fossam

255 2406 413 2475 transeat,
427 2399 605 2462 audentem
622 2399 701 2462 talia
716 2400 801 2462 dede
816 2400 921 2462 neci.'’

213 2507 314 2590 Quod
331 2511 457 2573 Remus
474 2508 632 2591 igno'rans
648 2510 781 2573 humilis
798 2521 1010 2574 contemnere
1028 2532 1139 2574 muros

212 2697 215 2704 Δ
257 2621 365 2702 coepit
381 2631 423 2697 et,
442 2622 537 2684 “His
554 2622 729 2705 populus,'’
747 2624 867 2698 dicere,
886 2629 904 2655 ‘⁴
914 2633 1005 2686 tutus
1022 2623 1105 2686 erit?
1117 2625 1133 2647 '’

151 2745 182 2799 35
213 2732 286 2796 Nec
302 2753 403 2809 mora,
420 2733 593 2797 transiluit.
640 2736 745 2797 Rutro
762 2735 859 2798 Celer
874 2745 1015 2816 occupat
1031 2756 1157 2798 ausum.
1177 2748 1272 2796 Remus

257 2845 317 2908 Ille
333 2847 454 2927 premit
469 2846 585 2908 duram
602 2843 878 2927 sanguinolentus
894 2848 1041 2910 humum.
1176 2823 1243 2870 Ἰώ

213 2956 309 3019 Haec
325 2957 381 3020 ubi
396 2977 454 3020 rex
471 2958 592 3034 didicit,
610 2958 762 3021 lacrimas
779 2959 940 3022 introrsus
957 2960 1089 3022 obortas

255 3068 391 3132 devorat
408 3080 444 3133 et
457 3071 606 3132 clausurn
624 3079 757 3151 pectore
773 3071 894 3134 vulnus
910 3071 1019 3134 habet.

212 3180 310 3244 Flere
326 3181 436 3263 palam
453 3202 520 3244 non
535 3180 607 3244 vult
622 3181 841 3264 exemplaque
858 3182 958 3245 fortia
974 3193 1093 3257 servat,

147 3303 180 3350 40
257 3291 341 3356 “Sic
353 3292 370 3317 ’'
388 3313 452 3375 que
470 3298 590 3356 “meos
606 3313 717 3356 muros
733 3304 882 3357 transeat
898 3295 1033 3371 hostis,''
1051 3295 1104 3357 ait.

212 3405 281 3466 Dat
297 3413 412 3468 tamen.
426 3408 617 3487 exsequias;
642 3426 704 3468 nec
720 3406 786 3468 iarn
803 3407 1008 3488 suspendere
1025 3407 1140 3470 fletum

254 3518 404 3592 sustinet,
414 3526 454 3579 et
470 3517 576 3597 pietas
593 3517 799 3580 dissimulata
816 3527 918 3600 patet.

210 3627 402 3709 Osculaque
418 3627 579 3709 applicuit
595 3631 704 3710 posito
720 3650 876 3711 suprema
894 3630 1018 3692 feretro

25 3725 27 3816 l
253 3749 353 3821 atque
369 3739 424 3815 ait,
444 3741 582 3803 “Invito
598 3741 702 3804 frater
718 3742 883 3823 adempte,
901 3741 1006 3804 vale.'’
