2972 4358
477 317 565 373 Tun
596 316 733 374 unorc
764 316 816 372 or
846 316 969 374 emon
1129 325 1193 398 173

246 521 336 563 nunc
353 502 452 576 soluS,
470 500 637 583 quondam
655 499 810 563 minimus
827 500 869 564 de
882 500 984 582 stirpe
1000 501 1093 577 virili,

247 615 309 675 has
326 614 423 676 datus
441 614 580 676 Ismario
597 612 669 695 regi
687 613 870 698 Polydorus
887 612 920 675 in
937 634 1022 676 oras.

248 725 338 807 Quid
354 746 464 789 moror
479 725 606 790 interea
621 725 767 789 crudelia
778 725 917 790 vulnera
933 727 1078 810 lymphis

185 873 188 876 ·
247 838 392 914 abluere,
410 847 444 901 et
459 858 594 920 sparsos
609 838 728 901 immiti
743 839 907 919 sanguine
922 837 1056 900 vultus?

655 1082 792 1108 ——m-—a

333 1272 453 1344 XLV.
490 1271 609 1342 THE
643 1271 820 1375 MAGlC
854 1273 923 1342 OF
956 1272 1116 1345 CIRCE

296 1471 391 1533 Haec
408 1469 464 1532 ubi
479 1490 541 1532 nos
556 1467 647 1545 vidit,
665 1469 753 1532 dicta
769 1479 972 1553 acceptaque
988 1469 1095 1534 salute
1218 1474 1286 1520 cuce

250 1581 385 1644 diffudit
399 1581 510 1644 vultus
526 1591 559 1644 et
574 1581 718 1644 reddidit
733 1583 844 1644 omina
859 1580 952 1645 votis.
1217 1559 1337 1668 {litim

252 1695 325 1756 Nec
341 1713 441 1768 mora,
460 1693 590 1756 misceri
602 1692 681 1755 tosti
697 1693 787 1756 iubet
804 1693 929 1756 hordea
945 1695 1040 1775 grani
1218 1697 1308 1744 Potion

250 1806 416 1886 mellaque
431 1804 565 1887 vimque
582 1804 663 1868 meri
676 1826 750 1868 cum
768 1807 853 1869 lacte
869 1807 1010 1888 coagula
1026 1827 1125 1889 passo
1138 1827 1145 1882 ;

207 1949 221 2001 5
250 1917 373 2000 quique
389 1916 526 1979 subhac
542 1916 668 1980 lateant
684 1917 799 1980 furtim
816 1917 1000 1994 dulcedine,
1018 1939 1115 1982 sucos

251 2029 359 2092 adicit.
406 2029 603 2111 Accipimus
620 2049 714 2092 sacra
730 2030 808 2093 data
824 2030 944 2113 pocula
961 2031 1083 2093 dextra.

252 2142 348 2224 Quae
364 2141 463 2203 simul
479 2143 585 2204 arenti
601 2141 750 2205 sitientes
767 2142 938 2204 hausimus
956 2163 1021 2219 ore,

250 2263 285 2316 et
300 2253 409 2334 tetigit
425 2273 572 2316 summos
585 2255 679 2334 virga
695 2254 758 2317 dea
774 2255 846 2316 dira
863 2253 1001 2336 capillos

249 2363 300 2449 (et
316 2365 418 2447 pudet
430 2374 464 2428 et
479 2363 648 2446 referam),
667 2366 767 2429 saetis
784 2368 976 2429 horrescere
990 2369 1094 2448 coepi,

191 2511 222 2545 ιο
251 2497 313 2541 nec
329 2477 394 2540 iam
411 2498 511 2558 posse
528 2479 626 2561 loqui,
644 2499 704 2560 pro
720 2479 830 2541 verbis
847 2479 945 2542 edere
963 2499 1099 2542 raucum

251 2610 408 2666 murmur,
426 2599 459 2653 et
475 2589 509 2652 in
524 2599 647 2653 terram
663 2599 733 2654 toto
751 2590 969 2672 procumbere
986 2592 1098 2668 vultu;

251 2722 354 2783 osque
370 2721 480 2765 meum
497 2703 586 2765 sensi
603 2703 714 2783 pando
731 2703 950 2766 occallescere
968 2713 1083 2778 rostro,

251 2814 336 2876 colla
350 2823 478 2878 tumere
494 2816 584 2890 toriS,
602 2823 636 2877 et
651 2835 716 2897 qua
729 2815 827 2877 modo
845 2816 965 2895 pocula
982 2824 1075 2897 parte

251 2935 385 3007 sumpta
401 2925 482 2988 mihi
498 2927 640 3003 fuerant,
658 2926 714 2988 illa
729 2927 871 3008 vestigia
887 2926 961 2989 feci.

292 3114 331 3177 36.
348 3115 443 3176 stirpe
462 3115 553 3164 vlrlll.
573 3117 605 3181 os
620 3131 661 3179 my
678 3117 744 3164 male
761 3117 889 3182 offspring.
939 3127 978 3179 37.
996 3115 1140 3164 Ismario:
1159 3116 1199 3164 i.e.

255 3197 395 3256 Thracian,
408 3197 568 3260 Polymestor.
1074 3248 1082 3264 ,

289 3280 367 3326 XLV.
391 3279 492 3341 Ulysses
509 3296 542 3329 on
561 3281 600 3328 his
617 3288 701 3330 return
719 3281 784 3329 from
795 3282 861 3343 Troy
874 3295 958 3328 comes
975 3287 1001 3329 to
1020 3280 1063 3329 the
1076 3280 1158 3329 island
1170 3281 1199 3329 of

248 3361 331 3420 Circe,
342 3361 398 3410 who
411 3361 521 3425 changes
534 3379 602 3411 some
615 3363 644 3410 os
657 3363 697 3411 his
714 3349 879 3428 companions
891 3363 945 3412 into
957 3363 1041 3412 swine.
1077 3377 1098 3412 2.
1117 3363 1202 3412 diflu-

249 3445 311 3493 dic:
330 3445 641 3508 gladdens.-reddldlt
665 3480 671 3492 .
696 3481 701 3493 .
725 3477 733 3493 ·
752 3446 848 3495 votis:
875 3447 1008 3494 annuered
1028 3463 1076 3494 our
1093 3454 1202 3510 prayers

249 3528 309 3575 with
321 3529 455 3593 favorable
471 3544 560 3577 omens.
596 3541 619 3591 3.
639 3529 716 3577 tosti
733 3528 846 3577 hordea
864 3529 965 3590 grani:
992 3529 1092 3577 roasted
1106 3530 1200 3591 barlay-

249 3626 329 3659 carm.
352 3625 376 3670 4.
388 3610 515 3672 coagula
524 3623 630 3671 passo:
644 3610 755 3659 curdled.
780 3623 922 3675 mneos:
934 3611 1200 3675 juices‚i.e.apotion.

251 3705 272 3757 7.
291 3693 444 3742 sitientes:
471 3693 567 3755 thirsty.
607 3707 630 3755 9.
648 3694 756 3743 saetis:
783 3693 885 3746 bristles.
927 3693 1198 3751 12.00,0.a11escera;

250 3775 422 3824 becomelzard.
451 3787 488 3837 13.
506 3776 595 3824 toris:
614 3775 711 3824 brawn.
