2996 4368
396 325 484 384 THE
514 325 771 384 VENGEANCE
801 325 855 382 OF
883 325 1029 384 NESSUS
1133 337 1175 409 91

230 531 292 576 nec
307 512 384 575 telis
400 511 566 593 armisque
582 517 702 592 potest
751 509 966 573 Pulmonibus
982 520 1070 574 errat

179 650 220 687 ιω
230 622 316 705 ignis
332 623 418 686 edax
433 622 508 685 imis
524 641 650 704 perque
665 622 773 684 omnis
790 623 937 703 pascitur
953 632 1053 686 artus.

230 735 279 798 At
294 735 385 798 valet
401 734 619 818 Eurystheus.
668 733 712 797 Et
729 742 806 796 sunt
822 733 879 816 qui
897 734 1032 798 credere
1052 735 1182 816 possint

231 866 303 910 esse
319 847 401 910 deos
413 846 424 908 ?
436 845 453 870 ’'
502 846 604 921 Dixit,
622 865 747 928 perque
764 846 865 908 altam
882 847 1013 910 saucius
1030 847 1141 911 Oeten

230 959 319 1022 haud
335 958 430 1022 aliter
446 957 596 1039 graditur
612 978 712 1039 quam
729 959 758 1020 si
773 957 938 1020 venabula
953 968 1069 1022 taurus
1199 973 1244 1020 ui·

229 1090 369 1152 corpore
385 1071 450 1132 fixa
465 1078 570 1151 gerat,
587 1069 734 1151 laetique
750 1069 913 1151 refugerit
927 1080 1051 1134 auctor.
1200 1047 1291 1108 *3⁰²5

178 1209 219 1263 ως
231 1181 340 1264 Saepe
355 1182 449 1245 illum
465 1182 609 1262 gemitus
625 1181 791 1256 edentem,
809 1201 910 1264 saepe
926 1182 1135 1259 frementem,

230 1313 331 1376 saepe
347 1302 605 1375 retemptantem
620 1301 707 1356 totas
723 1293 912 1357 rescindere
927 1294 1029 1358 vestis

230 1414 502 1487 sternentemque
517 1405 620 1468 trabis
635 1404 901 1487 irascentemque
916 1406 1047 1470 videres

231 1517 399 1580 montibus
415 1527 473 1580 aut
488 1516 596 1599 patrio
612 1517 805 1580 tendentem
823 1516 977 1581 bracchia
993 1517 1095 1582 caelo.

274 1630 364 1693 Ecce
381 1629 509 1692 Lichan
526 1628 690 1710 trepidum
708 1628 895 1692 latitantem
911 1650 994 1711 rupe
1010 1641 1129 1695 cavata

181 1770 222 1807 no
232 1741 358 1824 aspicit.
405 1742 521 1823 thue
536 1740 630 1803 dolor
645 1739 770 1804 rabiem
787 1740 978 1822 conlegerat
994 1762 1136 1818 omnem,

233 1858 251 1886 “
259 1854 365 1930 Tune,
385 1853 521 1928 Licha,'’
538 1851 629 1927 dixit,
648 1852 791 1915 “feralia
806 1853 895 1916 dona
912 1853 1054 1917 dedisti?

232 1965 327 2029 Tune
344 1985 438 2030 meae
450 1964 542 2028 necis
550 1973 666 2028 auctor
678 1964 785 2027 eris?”
810 1965 937 2028 Tremit
949 1964 1003 2029 ille
1016 1975 1181 2049 pavetque

233 2077 376 2160 pallidus¹
390 2087 423 2141 et
439 2076 553 2140 timide
568 2076 670 2140 verba
686 2075 877 2140 excusantia
892 2076 979 2140 dicit.

235 2189 410 2254 Dicentem
426 2188 633 2271 genibusque
650 2208 769 2251 manus
785 2188 943 2252 adhibere
959 2199 1133 2270 parantem
1198 2206 1234 2253 ne

182 2330 222 2384 115
232 2301 367 2384 corripit
382 2301 530 2378 Alcides,
547 2309 581 2364 et
596 2309 713 2382 terque
729 2309 912 2382 quaterque
927 2311 1072 2364 rotatum
1199 2281 1291 2402 ἓξὲξ

233 2413 331 2476 mittit
346 2413 379 2475 in
397 2412 564 2476 Euboicas
580 2421 745 2475 tormento
762 2412 880 2474 fortius
896 2412 1011 2475 undas,
1199 2430 1253 2476 into

235 2524 295 2588 llle
311 2544 372 2607 per
386 2524 493 2588 aerias
509 2524 660 2606 pendens
675 2524 823 2586 induruit
838 2543 945 2586 auras.
1198 2504 1250 2624 ἒξ

234 2636 347 2718 thue
363 2636 477 2700 lerunt
491 2635 606 2699 imbris
622 2634 741 2717 gelidis
757 2654 971 2698 concrescere
987 2635 1106 2712 ventiS,

232 2748 309 2812 inde
325 2749 409 2811 nivis
425 2747 505 2824 fieri,
522 2747 653 2810 nivibus
669 2767 801 2829 quoque
817 2747 914 2810 molle
929 2747 1045 2810 rotatis

181 2885 222 2923 120
233 2859 372 2941 astringi
387 2869 421 2923 et
437 2860 544 2941 spissa
560 2859 737 2941 glomerari
752 2859 915 2940 grandine
931 2879 1070 2942 corpus;

233 2972 278 3035 sic
294 2972 386 3033 illum
401 2972 520 3035 validis
536 2971 658 3035 iactum
676 2991 735 3052 per
751 2970 850 3033 inane
867 2971 999 3035 lacertis

233 3102 501 3165 exsanguemque
512 3092 602 3146 metu
612 3102 673 3146 nec
684 3082 860 3165 quicquam
871 3082 1182 3152 umorishabentem

232 3193 266 3256 in
281 3195 406 3277 rigidos
421 3215 554 3258 versum
571 3194 679 3258 silices
696 3193 785 3275 prior
800 3194 904 3258 edidit
919 3205 1021 3258 aetas.

276 3307 376 3370 Nunc
392 3326 523 3388 quoque
539 3308 573 3368 in
591 3305 740 3369 Euboico
759 3307 916 3388 scopulus
931 3306 1041 3370 brevis
1059 3306 1183 3369 eminet

319 3418 386 3482 alto
902 3483 906 3490 ,

179 3565 221 3620 ¹²5
233 3529 364 3611 gurgite
381 3539 414 3593 et
430 3531 596 3593 humanae
613 3538 724 3593 servat
739 3529 881 3610 vestigia
896 3530 1034 3605 formae,

233 3661 331 3723 quem
348 3641 442 3723 quasi
458 3661 633 3705 sensurum
650 3651 772 3704 nautae
789 3641 917 3705 calcare
932 3650 1088 3704 verentur

234 3754 470 3836 appellantque
488 3753 626 3816 Lichan.
673 3752 722 3815 At
736 3762 783 3829 tu,
801 3751 890 3815 lovis
906 3751 1019 3815 inclita
1035 3751 1154 3834 proles,
