2972 4358
352 342 440 400 THE
469 341 743 400 DEIFICATION
772 343 826 400 OF
854 343 1009 402 CAESAR
1089 353 1155 426 179

206 524 357 601 insidiae,
371 535 560 608 quantaque
576 536 678 608 caput
690 546 765 589 cum
783 527 900 592 fraude
917 537 1049 610 petatur

207 637 296 719 quod
312 637 353 700 de
372 638 543 701 Dardanio
559 639 665 701 solum
681 638 764 701 mihi
778 649 882 703 restat
898 640 981 704 iulo.

208 747 331 813 Solane
347 769 479 832 semper
495 769 551 813 ero
566 749 660 813 iustis
676 751 820 815 exercita
836 754 931 829 curis

207 882 308 944 quam
325 862 424 925 modo
439 862 591 947 Tydidae
609 863 792 948 Calydonia
807 867 959 930 vulneret
972 867 1077 942 hasta,

145 1009 177 1063 25
207 994 298 1038 nunc
311 975 396 1037 male
413 975 572 1040 defensae
587 977 796 1041 confundant
812 978 943 1042 moenia
958 981 1097 1054 Troiae;

207 1108 293 1170 quae
309 1088 439 1151 videam
455 1098 570 1151 natum
587 1089 695 1172 longis
711 1091 876 1154 erroribus
892 1100 1004 1153 actum

206 1202 387 1284 iactarique
403 1203 489 1266 freto
502 1203 655 1284 sedisque
673 1202 796 1266 intrare
813 1203 966 1267 silentum

206 1313 360 1397 bellaque
376 1335 451 1377 cum
466 1316 582 1378 Turno
598 1335 714 1397 gerere
730 1325 796 1392 aut,
813 1316 842 1380 si
855 1336 935 1379 vera
951 1317 1104 1393 fatemur,

184 1507 186 1514 Ι
207 1448 283 1490 cum
300 1428 428 1490 Iunone
445 1428 574 1509 magis?
619 1428 710 1510 Quid
725 1449 815 1492 nunc
830 1428 968 1511 antiqua
982 1429 1136 1493 recordor

145 1569 179 1620 30
207 1540 331 1603 damna
346 1541 412 1604 mei
427 1541 584 1622 generis?
614 1542 729 1604 Timor
741 1542 796 1604 hic
808 1541 998 1606 meminisse
1011 1543 1156 1623 priorum

208 1672 274 1714 non
292 1651 376 1715 sinit.
423 1653 476 1714 En
488 1652 563 1716 acui
578 1652 758 1717 sceleratos
774 1654 908 1718 cernitis
924 1654 1031 1718 ensisl

208 1764 303 1846 Quos
320 1765 502 1846 prohibete,
520 1785 647 1847 precor,
666 1765 862 1848 facinusque
875 1766 1033 1847 repellite,
1051 1787 1134 1830 neve

208 1876 311 1940 caede
327 1877 507 1940 sacerdotis
523 1877 674 1940 flammas
690 1878 890 1960 exstinguite
905 1879 1061 1942 Vestae.''

251 1988 347 2051 Talia
362 1990 565 2071 nequiquam
581 1998 651 2052 toto
667 1990 783 2052 Venus
799 1991 896 2053 anxia
912 1991 1004 2054 caelo

207 2101 310 2163 verba
346 2101 432 2176 iacit,
471 2121 677 2184 superosque
715 2111 834 2166 movet.
897 2103 965 2185 Qui
1002 2123 1157 2185 rumpere
1174 2112 1239 2159 who

148 2189 207 2275 35!
296 2233 498 2295 quamquam
1175 2187 1266 2307 {ml

208 2325 317 2388 ferrea
329 2345 396 2388 non
410 2335 551 2407 possunt
566 2335 716 2389 veterum
734 2327 867 2391 decreta
880 2347 1037 2406 sororum,
1175 2335 1296 2382 renones

208 2437 306 2518 signa
320 2447 432 2500 tamen
449 2438 559 2500 luctus
574 2438 656 2501 dant
672 2439 762 2501 haud
777 2441 904 2502 incerta
920 2440 1031 2502 futuri.

209 2549 316 2611 Arma
331 2550 444 2613 ferunt
459 2551 544 2612 inter
559 2551 672 2631 nigras
689 2550 886 2632 crepitantia
901 2551 998 2614 nubis

207 2661 427 2743 terribilisque
444 2661 541 2724 tubas
555 2662 734 2744 auditaque
751 2682 876 2725 cornua
891 2663 983 2726 caelo

147 2793 181 2840 40
208 2775 458 2855 praemonuisse
475 2774 580 2837 nefas.
629 2774 717 2838 Solis
733 2794 865 2856 quoque
880 2774 983 2838 tristis
998 2777 1110 2857 imago

208 2885 316 2947 lurida
331 2885 478 2949 sollicitis
495 2885 678 2968 praebebat
693 2885 818 2948 lumina
833 2885 938 2950 terris.

209 2997 318 3078 Saepe
335 2998 428 3060 faces
443 2997 534 3061 visae
550 2997 667 3061 mediis
683 2999 800 3060 ardere
816 2998 877 3061 sub
894 3000 999 3074 astris,

208 3128 309 3190 saepe
325 3108 411 3172 inter
426 3110 557 3173 nimbos
573 3119 689 3192 guttae
707 3109 856 3173 cecidere
870 3120 1036 3174 cruentae.

208 3220 369 3285 Caerulus
386 3231 419 3285 et
433 3224 561 3285 vultum
578 3222 749 3304 ferrugine
768 3224 904 3285 Lucifer
920 3232 991 3286 atra

247 3395 285 3444 23.
303 3383 408 3431 fustis:
432 3384 494 3432 real.
532 3397 570 3445 24.
593 3383 750 3446 Tydidae.
769 3419 775 3431 .
791 3419 797 3431 .
813 3384 914 3432 hasta:
940 3383 977 3431 the
997 3383 1156 3447 Calydonian

207 3472 280 3528 spear
294 3468 325 3531 os
335 3465 428 3514 theson
441 3467 473 3531 os
479 3467 584 3529 Tydeus.
628 3468 666 3515 26.
684 3471 803 3515 natum:
822 3467 862 3514 i.e.
874 3467 982 3515 Aeneas.
1017 3478 1056 3529 27.
1074 3466 1157 3515 sedis

208 3548 364 3597 silentum:
392 3548 432 3598 ie.
447 3548 490 3597 the
507 3549 583 3597 lower
603 3549 690 3598 world.
733 3562 772 3611 33.
796 3548 979 3597 sacerdotis:
999 3548 1058 3596 with
1076 3550 1156 3606 caede,

208 3631 329 3693 referring
346 3637 373 3679 to
390 3630 488 3680 Caesar.
523 3643 562 3696 35.
585 3632 675 3682 iaoft:
699 3639 783 3680 utters.
818 3631 857 3693 36.
880 3643 1031 3680 sororum:
1055 3631 1094 3680 i.e.
1112 3629 1155 3679 the

208 3713 291 3761 Fates.
317 3712 356 3775 38.
376 3713 488 3763 rerunt:
509 3715 563 3777 they
577 3714 872 3776 sau-oremus:
898 3713 1017 3776 clasln'ng.
1050 3726 1090 3774 41.
1113 3712 1156 3761 lu·

208 3795 289 3844 ride:
306 3795 411 3859 gtastly.
440 3810 481 3858 44
492 3796 654 3858 ferrugfnez
667 3797 819 3844 'rust-color.
