2948 4368
123 499 233 546 Porsena

123 572 189 620 findo

124 647 280 695 Andromeda

318 307 364 382 52
524 302 776 359 SELECTIONS
807 300 924 358 FROM
955 299 1059 357 OVID

317 483 428 565 Quam
445 483 542 547 simul
558 484 601 547 ad
617 485 717 548 duras
733 484 905 566 religatam
922 483 1077 546 bracchia
1093 480 1198 545 cautis
1300 517 1335 552 10

315 595 398 659 vidit
413 596 622 660 Abantiades
636 595 715 677 (nisi
731 597 819 679 quod
836 597 917 659 levis
933 615 1014 658 aura
1029 594 1166 675 capillos

317 717 467 771 moverat
481 717 515 771 et
530 708 643 790 tepido
656 708 838 771 manabant
852 694 978 770 lumina
993 707 1081 782 fletu,

318 840 539 884 marmoreum
555 829 646 884 ratus
661 830 750 884 esset
764 819 873 902 opus),
890 819 991 883 trahit
1006 817 1129 881 inscius
1145 816 1241 899 ignis,

318 942 352 995 et
368 941 479 1014 stupet
494 943 528 997 et
542 933 633 997 visae
649 941 821 1014 correptus
837 931 982 1013 imagine
994 931 1123 994 formae

319 1038 427 1126 paene
443 1065 520 1108 suas
536 1054 673 1126 quatere
689 1053 740 1108 est
756 1044 877 1107 oblitus
893 1044 928 1105 in
944 1049 1020 1106 aere
1036 1061 1174 1124 pennae.
1300 1077 1335 1131 ¹5

362 1157 411 1220 Ut
427 1158 527 1233 stetit,
546 1162 564 1189 “
575 1157 637 1232 O‚'’
655 1156 745 1232 dixit,
765 1160 862 1218 “non
879 1155 950 1219 istis
968 1154 1070 1236 digna
1085 1151 1222 1228 catenis,

318 1269 378 1331 sed
394 1268 513 1351 quibus
528 1268 615 1332 inter
630 1288 666 1332 se
681 1267 795 1349 cupidi
810 1266 994 1349 iunguntur
1009 1274 1170 1340 amantes

318 1380 430 1462 pande
445 1380 625 1463 requirenti
640 1401 762 1444 nomen
779 1389 952 1461 terraeque
967 1387 1137 1459 tuumque,

318 1501 352 1555 et
367 1512 425 1555 cur
440 1492 550 1555 vincla
565 1492 693 1574 geras.”
741 1491 850 1555 Primo
867 1490 942 1554 silet
957 1489 1013 1553 illa
1029 1509 1090 1552 nec
1106 1488 1208 1551 audet

319 1603 488 1686 appellare
504 1603 609 1667 virum
625 1603 736 1685 virg0;
762 1603 982 1685 manibusque
998 1601 1168 1664 modestos
1303 1634 1339 1670 20

319 1715 459 1778 celasset
474 1716 594 1792 vultus,
612 1715 640 1778 si
655 1736 722 1779 non
738 1715 878 1797 religata
893 1715 1021 1778 fuisset.

321 1825 472 1901 Lumina,
490 1828 579 1910 quod
595 1827 710 1909 potuit,
724 1827 867 1890 lacrimis
882 1825 1033 1908 implevit
1048 1823 1183 1889 obortis.

321 1938 464 2018 Saepius
480 1939 625 2014 instanti,
643 1960 703 2002 sua
717 1959 761 2003 ne
777 1938 898 2002 delicta
913 1939 1013 2003 fateri

319 2050 408 2112 nolle
423 2049 598 2127 videretur,
616 2071 737 2114 nomen
753 2060 926 2132 terraeque
942 2063 1114 2134 suumque,

320 2171 511 2245 quantaque
526 2171 695 2225 maternae
712 2161 813 2225 fuerit
828 2161 948 2225 fiducia
964 2163 1104 2238 formae,
1304 2196 1338 2250 ²5

319 2273 452 2337 indicat.
500 2275 544 2336 Et
559 2274 705 2337 nondum
722 2275 912 2337 memoratis
928 2273 1192 2337 omnibus‘unda

320 2384 475 2462 insonuit,
492 2385 694 2467 veniensque
709 2385 872 2448 immenso
887 2386 986 2449 belua
1001 2395 1106 2467 ponto

319 2496 469 2560 imminet
484 2506 518 2560 et
533 2498 637 2560 latum
654 2497 715 2560 sub
733 2507 866 2578 pectore
884 2497 1033 2578 possidet
1047 2517 1182 2580 aequor.

363 2608 559 2673 Conclamat
575 2607 678 2689 virgo
728 2608 867 2672 Genitor
883 2591 1035 2690 lugubris
1051 2619 1085 2673 et
1101 2631 1170 2672 una

319 2728 424 2783 mater
440 2720 543 2796 adest,
561 2718 659 2782 ambo
676 2719 795 2796 miseri,
813 2720 871 2783 sed
888 2720 1005 2784 iustius
1021 2720 1086 2783 illa.
1305 2759 1340 2811 30

320 2832 392 2894 Nec
410 2849 523 2894 secum
540 2830 706 2907 auxilium,
725 2831 784 2895 sed
800 2831 920 2912 dignos
936 2841 1088 2914 tempore
1104 2833 1203 2896 fletus

319 2941 580 3025 plangoremque
616 2942 729 3006 ferunt
766 2943 943 3025 vinctoque
977 2943 1011 3006 in
1046 2965 1190 3026 corpore
1221 2945 1278 3008 ad-

405 3054 553 3129 haerent,

318 3184 393 3228 eum
409 3167 456 3228 sic
472 3167 596 3246 hospes
612 3164 676 3227 ait:
701 3170 720 3197 “
731 3164 958 3228 Lacrimarum
974 3166 1075 3248 longa
1092 3144 1231 3233 manere

317 3286 470 3358 tempora
485 3298 545 3340 vos
561 3285 718 3358 poterunt
728 3297 736 3353 ;
760 3276 802 3339 ad
820 3297 918 3359 opem
939 3277 1048 3342 brevis
1065 3279 1149 3343 hora
1165 3281 1279 3345 feren-

404 3389 481 3451 dam
497 3398 556 3452 est.

319 3501 418 3563 Hanc
435 3519 499 3581 ego
515 3501 543 3563 si
559 3507 707 3580 peterem
725 3499 874 3574 Perseus
893 3500 973 3563 Iove
990 3510 1089 3564 natus
1106 3513 1140 3566 et
1157 3503 1221 3567 alis
1311 3520 1343 3573 35

212 3633 215 3638 ·
318 3610 483 3674 aetherias
499 3630 600 3673 ausus
615 3610 746 3672 iactatis
762 3609 809 3672 ire
826 3629 885 3690 per
900 3631 1008 3687 auras,

318 3723 506 3818 praeferrer
521 3719 649 3784 cunctis
665 3729 754 3783 certe
770 3739 883 3805 gener.
938 3722 1077 3791 Addere
1094 3726 1200 3792 tantis
