2972 4358
315 327 383 394 182
522 331 773 391 SELECTIONS
803 332 921 391 FROM
952 333 1057 392 OVID

311 520 470 600 temporis
487 527 630 581 aetatem
646 526 928 600 venturorumque
943 527 1103 599 nepotum
1292 553 1327 602 90

313 630 518 713 prospiciens
535 631 661 712 prolem
678 639 794 693 sancta
810 631 851 693 de
868 629 1009 711 coniuge
1026 639 1138 692 natam

313 744 401 806 ferre
418 741 515 806 simul
531 762 721 825 nomenque
738 763 834 805 suum
852 763 1016 825 curasque
1033 741 1167 805 iubebit.

314 857 386 919 Nec
402 856 465 917 nisi
481 875 555 918 cum
574 854 683 918 senior
701 855 811 939 Pylios
825 856 1018 937 aequaverit
1034 875 1150 930 annos,

312 969 476 1032 aetherias
493 968 581 1030 sedis
598 977 807 1050 cognataque
824 968 933 1031 sidera
948 977 1073 1050 tanget.

315 1081 415 1143 Hanc
432 1080 577 1142 animam
594 1079 721 1143 interea
733 1100 832 1143 caeso
848 1080 889 1143 de
906 1101 1045 1163 corpore
1061 1089 1191 1161 raptam
1292 1107 1326 1162 95

314 1193 368 1255 fac
384 1192 488 1268 iubar,
506 1202 542 1255 ut
557 1213 689 1274 semper
706 1192 871 1274 Capitolia
886 1202 999 1255 nostra
1016 1193 1207 1274 Forumque

314 1305 410 1367 divus
425 1305 467 1367 ab
483 1306 614 1368 excelsa
630 1314 821 1387 prospectet
839 1305 942 1367 Iulius
959 1304 1072 1368 aede.”

357 1417 422 1480 Vix
438 1437 477 1480 ea
494 1417 586 1480 fatus
602 1427 682 1493 erat,
701 1418 811 1480 media
828 1438 902 1480 cum
921 1417 1000 1480 sede
1013 1426 1148 1479 senatus

313 1529 460 1593 constitit
476 1531 564 1592 alma
580 1530 696 1593 Venus
714 1529 795 1592 nulli
811 1529 988 1606 cernenda,
1007 1530 1123 1611 suique

314 1641 467 1705 Caesaris
484 1641 605 1724 eripuit
617 1641 785 1717 membris,
803 1661 865 1704 nec
882 1641 916 1704 in
933 1662 1010 1704 aera
1026 1640 1109 1704 solvi
1279 1667 1325 1702 100

314 1773 413 1835 passa
428 1763 598 1816 recentem
614 1755 760 1816 animam
777 1753 976 1817 caelestibus
993 1753 1103 1815 intulit
1120 1751 1226 1814 astris

315 1866 471 1948 Dumque
484 1865 567 1942 tulit,
582 1866 695 1929 lumen
712 1886 833 1947 capere
850 1876 950 1948 atque
968 1866 1139 1946 ignescere
1151 1863 1265 1939 sensit,

312 1977 486 2059 emisitque
504 1977 586 2040 sinu.
636 1979 733 2040 Luna
748 1978 840 2041 volat
856 1978 954 2040 altius
969 1979 1035 2053 illa,

313 2089 615 2171 flammiferumque
631 2091 768 2153 trahens
785 2090 932 2171 spatioso
949 2088 1052 2152 limite
1068 2089 1192 2152 crinem

313 2201 408 2264 stella
423 2202 541 2276 micat;
559 2202 694 2284 natique
709 2202 826 2265 videns
842 2189 1020 2265 benefacta
1036 2203 1160 2264 fatetur
1279 2223 1326 2278 105

312 2333 386 2376 esse
403 2315 471 2376 suis
487 2315 621 2390 maiora,
639 2323 673 2377 et
688 2315 776 2377 vinci
793 2315 918 2396 gaudet
934 2314 976 2377 ab
992 2314 1056 2376 illo.

315 2425 381 2488 Hic
398 2446 458 2488 sua
475 2427 637 2508 praeferri
654 2446 856 2509 quamquam
873 2436 964 2490 vetat
980 2435 1055 2489 acta
1071 2425 1228 2507 paternis,

314 2537 417 2600 libera
432 2538 523 2600 fama
539 2547 651 2601 tamen
668 2539 833 2621 nullisque
850 2538 993 2602 obnoxia
1008 2539 1105 2600 iussis

313 2650 452 2712 invitum
469 2651 626 2732 praefert,
644 2671 776 2732 unaque
792 2650 826 2712 in
843 2661 937 2734 parte
950 2660 1124 2732 repugnat.

314 2761 369 2826 Sic
385 2763 499 2844 magni
514 2762 602 2825 cedit
617 2762 1004 2845 titulisAgamemnonis
1020 2764 1146 2825 Atreus
1159 2783 1166 2838 ;
1279 2787 1327 2822 110

313 2874 433 2955 Aegea
450 2875 496 2938 sic
512 2875 674 2952 Theseus,
693 2875 739 2938 sic
757 2877 855 2939 Pelea
870 2875 949 2939 vicit
964 2874 1124 2938 Achilles.

316 2986 479 3069 Denique,
497 2996 533 3049 ut
549 2988 710 3070 exemplis
726 2988 817 3070 ipsos
833 2988 1053 3070 aequantibus
1068 2997 1151 3063 utar,

357 3143 397 3192 91.
420 3131 550 3191 prolem:
576 3131 615 3180 ie.
638 3131 762 3190 Tiberius,
779 3131 818 3180 his
835 3139 957 3196 step-son,
974 3132 1086 3196 adopted
1108 3132 1141 3194 by
1163 3130 1215 3178 him
1239 3146 1266 3179 as

314 3211 353 3261 his
366 3211 596 3262 hein-sancta:
611 3215 697 3262 chaste.
708 3215 893 3276 -contugm
914 3215 952 3263 i.e.
969 3215 1048 3262 Livia
1065 3219 1069 3224 '
1087 3226 1128 3277 93.
1145 3214 1264 3276 Pylios:

315 3296 358 3344 ie.
369 3294 398 3342 of
407 3296 508 3354 Nestor,
521 3295 619 3344 famous
632 3296 670 3344 for
681 3297 720 3345 his
731 3298 791 3346 wise
804 3297 917 3345 counsels
927 3298 977 3344 and
986 3303 1056 3358 great
1066 3311 1120 3358 age.
1158 3310 1197 3359 94
1216 3309 1265 3346 οο-

314 3381 418 3439 gnata:
439 3377 560 3441 referring
578 3385 604 3426 to
614 3379 692 3443 Julius
710 3379 811 3428 Caesar.
844 3391 885 3443 95.
902 3379 1043 3428 animam:
1063 3379 1103 3426 i.e.
1120 3377 1150 3426 of
1166 3379 1265 3427 Caesar.

313 3473 352 3521 99·
372 3462 521 3510 oernenda
535 3479 540 3509 ι
556 3461 650 3510 visible.
687 3474 741 3510 100.
758 3462 887 3523 eripuIt:
904 3462 935 3510 its
947 3460 996 3522 obj.
1005 3461 1026 3508 is
1037 3462 1165 3518 animam,
1176 3477 1199 3509 v.
1212 3472 1265 3508 101.

313 3543 508 3592 —membrisz
536 3544 602 3607 body.
655 3556 709 3605 104.
728 3545 856 3593 crinem:
882 3544 924 3592 i.e.
943 3544 986 3592 the
1004 3543 1048 3591 tail
1066 3542 1095 3590 of
1114 3543 1158 3592 the
1175 3550 1266 3592 comet.

316 3626 498 3690 105.m10at:
523 3626 770 3689 sparkles.—nati:
807 3626 846 3675 i.e.
864 3628 998 3689 Augustus.
1039 3625 1093 3674 108.
1110 3625 1264 3675 obnoxias

312 3709 409 3772 subject.
453 3721 506 3758 110.
534 3708 651 3758 titrssis:
678 3710 759 3773 glory.
805 3721 857 3756 112.
875 3709 962 3770 ipsos
983 3708 1199 3770 aequantibus:
1225 3707 1265 3757 ie.

313 3789 405 3838 Caesar
417 3790 468 3838 and
479 3792 608 3853 Augustus
621 3798 687 3839 must
699 3791 730 3838 be
745 3791 881 3855 compared
894 3791 953 3839 with
966 3791 1037 3853 gods.
1108 3847 1110 3850 ¹
