2948 4368
464 336 670 394 naroua’s
700 335 929 394 unuusrurs
1105 341 1149 413 73

141 547 151 581 1
156 545 171 598 ς
200 523 261 586 sed
277 523 424 585 relevare
440 520 538 584 sitim.
586 521 686 585 Caret
700 541 739 585 os
754 540 869 584 umore
885 519 1051 602 loquentis

199 644 234 697 et
250 635 366 696 fauces
382 643 486 709 arent,
502 634 624 715 vixque
639 607 691 696 est
705 632 760 696 via
774 634 867 696 vocis
882 633 915 694 in
932 631 1006 696 illis.

201 747 355 808 Haustus
371 765 477 828 aquae
493 744 575 807 mihi
591 755 705 808 nectar
720 745 792 820 erit,
809 744 978 826 vitamque
993 743 1125 807 fatebor

199 858 371 939 accepisse
387 858 504 933 simul;
528 857 628 920 vitam
647 855 804 920 dederitis
818 858 853 918 in
870 856 968 919 unda.

201 971 250 1033 Hi
262 989 394 1052 quoque
406 990 466 1033 vos
480 978 642 1045 moveant,
654 968 711 1051 qui
723 977 837 1033 nostro
847 968 1003 1031 bracchia
1012 967 1154 1031 tendunt

139 1110 172 1145 20
199 1103 305 1165 parva
322 1081 427 1145 sinu.''
476 1082 519 1145 Et
534 1101 614 1144 casu
630 1081 814 1145 tendebant
829 1080 984 1143 bracchia
1000 1081 1077 1142 nati.

246 1195 356 1276 Quem
368 1214 435 1256 non
448 1193 572 1256 blanda
582 1193 663 1257 deae
676 1195 862 1275 potuissent
873 1192 975 1257 verba
986 1211 1119 1255 movere
1132 1192 1143 1254 ?

202 1307 252 1369 Hi
266 1316 380 1368 tamen
395 1315 545 1369 orantem
563 1315 713 1386 perstant
730 1305 906 1387 prohibere
916 1325 923 1381 ;
948 1305 1130 1386 minasque,
1172 1310 1303 1358 nuceum

200 1420 237 1481 ni
253 1419 370 1500 procul
386 1417 553 1493 abscedat,
572 1417 787 1499 conviciaque
803 1419 938 1498 insuper
954 1416 1089 1479 addunt.
1171 1383 1217 1505 ἓξ,

202 1532 277 1595 Nec
294 1529 376 1593 satis
391 1539 459 1606 est;
485 1528 576 1612 ipsos
591 1529 691 1593 etiam
709 1529 916 1612 pedibusque
933 1548 1100 1611 manuque
1172 1532 1300 1580 Peneum

140 1666 173 1719 ²5
200 1643 380 1707 turbavere
396 1643 497 1718 lacus,
514 1643 647 1724 imoque
664 1663 682 1706 e
698 1643 830 1723 gurgite
847 1641 979 1704 mollem

200 1757 268 1818 huc
284 1755 361 1817 illuc
378 1754 492 1817 limum
508 1755 593 1818 saltu
610 1774 743 1818 movere
759 1755 915 1835 maligno.

202 1869 347 1930 Distulit
360 1867 408 1930 ira
424 1867 520 1930 sitim.
568 1859 689 1948 Neque
704 1867 793 1929 enim
809 1867 874 1927 iam
892 1866 959 1928 lilia
976 1866 1056 1929 Coei

202 1975 371 2062 s'upplicat
386 1979 531 2061 indignis
547 1999 608 2042 nec
625 1979 735 2041 dicere
752 1979 893 2041 sustinet
909 1978 995 2040 ultra

201 2092 308 2156 verba
323 2093 450 2154 minora
466 2092 536 2167 dea,
554 2091 740 2172 tollensque
757 2091 799 2153 ad
815 2089 923 2152 sidera
939 2090 1077 2171 palmas,

141 2231 174 2283 30
204 2206 422 2268 “Aeternum
439 2204 589 2285 stagn0,”
608 2204 697 2277 dixit,
717 2202 863 2266 “vivatis
879 2201 913 2264 iu
930 2202 1011 2265 isto!
1024 2203 1041 2226 '¹

251 2315 419 2380 Eveniunt
433 2325 549 2398 optata
565 2316 657 2378 deae.
707 2315 804 2377 Iuvat
820 2333 894 2377 esse
911 2314 972 2377 sub
988 2314 1086 2377 undis

203 2439 241 2492 et
255 2428 354 2492 modo
369 2437 438 2491 tota
454 2448 535 2491 cava
552 2428 765 2507 submergere
782 2425 932 2488 membra
949 2426 1080 2507 palude,

204 2560 295 2604 nunc
313 2541 461 2622 prolerre
477 2549 587 2622 caput,
605 2559 735 2602 summo
751 2539 850 2602 modo
866 2539 997 2619 gurgite
1014 2558 1103 2613 nare,

205 2673 308 2736 saepe
325 2672 425 2736 super
439 2653 545 2734 ripam
562 2653 671 2732 stagni
687 2651 878 2726 consistere,
896 2670 997 2731 saepe

146 2791 177 2844 35
204 2768 240 2828 in
257 2764 385 2847 gelidos
400 2764 524 2827 resilire
540 2763 641 2826 lacus.
690 2764 734 2827 Et
751 2783 839 2826 nunc
856 2783 988 2845 quoque
1005 2763 1113 2843 turpis'

205 2877 320 2941 litibus
335 2885 490 2939 exercent
506 2876 646 2956 linguas,
665 2875 827 2957 pulsoque
845 2875 980 2956 pudore,

206 2988 359 3072 quamvis
376 2990 440 3051 sint
451 2987 518 3070 ¹sub
534 3007 630 3069 aqua,
649 2987 710 3050 sub
730 3007 817 3069 aqua
838 2987 1035 3050 maledicere
1054 2996 1157 3067 temp-

295 3110 376 3163 tant.

207 3215 284 3276 Vox
302 3232 433 3295 quoque
453 3211 518 3273 iam
538 3231 638 3274 rauca
662 3220 721 3287 est,
744 3211 924 3292 inflataque
947 3212 1032 3274 colla
1056 3221 1158 3274 tume-

297 3334 403 3399 scunt,

210 3438 349 3518 ipsaque
366 3436 505 3498 dilatant
522 3435 654 3519 patulos
671 3436 819 3498 convicia
834 3436 945 3498 rictus.

153 3578 184 3624 40
209 3549 321 3628 Terga
336 3557 437 3630 caput
453 3556 613 3629 tanguut3
637 3547 722 3609 colla
737 3549 922 3628 intercepta
937 3548 1109 3622 videntur;

212 3659 308 3742 spina
323 3659 407 3723 viret
417 3681 424 3736 ;
448 3669 573 3734 venter,
591 3679 668 3740 pars
684 3658 827 3720 maxima
844 3659 1000 3739 corporis,
1018 3659 1125 3736 albet;

213 3772 394 3854 limosoque
410 3790 516 3834 novae
532 3769 654 3834 saliunt
669 3769 703 3832 in
719 3769 850 3853 gurgite
866 3790 975 3834 ranae.
