2996 4368
481 341 710 398 HARDSHIPS
739 342 796 399 AT
824 341 939 399 ΤΟΜῙ
1114 349 1180 423 135

232 524 375 608 Quaque
391 534 479 588 rates
495 524 611 600 ierant,
630 524 771 606 pedibus
787 545 875 587 nunc
892 523 965 601 itur,
983 535 1016 588 et
1033 523 1140 587 undas

275 639 399 718 frigore
416 646 588 700 concretas
605 637 730 718 ungula
747 637 858 718 pulsat
874 636 971 720 equi;

169 772 201 825 25
230 769 356 832 perque
373 769 477 812 novos
494 751 604 831 pontis
621 749 735 812 subter
751 749 939 812 labentibus
956 748 1053 812 undis

275 861 400 924 ducunt
420 861 595 925 Sarmatici
611 861 752 924 barbara
769 861 917 943 plaustra
933 861 1045 925 boves.

229 974 296 1037 Vix
311 973 465 1056 equidem
481 973 606 1049 credar,
625 973 683 1036 sed
700 993 776 1037 cum
793 973 859 1037 sint
875 974 1023 1055 praemia
1040 973 1118 1037 falsi

274 1086 375 1162 nulla,
393 1095 499 1148 ratam
516 1085 616 1148 debet
631 1086 726 1148 testis
742 1086 866 1149 habere
882 1086 1000 1149 fidem:

228 1198 373 1261 vidimus
389 1197 559 1279 ingentem
575 1197 682 1279 glacie
699 1197 880 1261 consistere
896 1209 1045 1279 pontum,

167 1335 202 1385 30
274 1310 465 1391 lubricaque
482 1309 636 1372 immotas
652 1320 739 1373 testa
754 1310 927 1392 premebat
943 1331 1054 1392 aquas,

231 1423 305 1486 Nec
320 1422 443 1485 vidisse
460 1432 511 1484 sat
526 1432 595 1498 est;
619 1421 739 1484 durum
755 1422 956 1486 calcavimus
972 1443 1105 1504 aequor,

274 1535 429 1616 undaque
445 1555 513 1597 non
530 1533 595 1596 udo
612 1534 673 1596 sub
689 1535 775 1616 pede
789 1555 918 1597 summa
934 1535 1005 1597 fuit.

231 1647 268 1710 Si
283 1646 343 1710 tibi
358 1647 423 1708 tale
439 1647 563 1708 fretum
581 1646 758 1729 quondam,
778 1647 941 1723 Leandre,
959 1647 1089 1720 fuisset,

274 1779 342 1820 non
358 1759 445 1821 foret
462 1768 624 1839 angustae
641 1779 729 1821 mors
746 1768 802 1821 tua
819 1759 944 1822 crimen
961 1779 1076 1841 aquae.

170 1896 202 1946 35
229 1871 319 1932 Tum
335 1890 443 1952 neque
460 1890 495 1933 se
512 1870 615 1951 pandi
630 1881 771 1951 possunt
786 1871 963 1952 delphines
979 1871 1012 1932 in
1029 1891 1126 1934 auras

274 1982 408 2058 tollere;
433 1982 585 2046 conantis
602 1983 685 2045 dura
701 1991 831 2046 coercet
848 1983 963 2045 hiems.

234 2095 278 2157 Et
294 2097 444 2177 quamvis
463 2096 587 2158 Boreas
603 2094 732 2158 iactatis
747 2096 879 2158 insonet
896 2095 965 2170 alis,

275 2205 396 2270 fluctus
413 2206 446 2269 in
462 2206 600 2269 obsesso
616 2206 748 2288 gurgite
765 2207 876 2270 nullus
892 2209 972 2282 erit;

232 2317 445 2400 inclusaeque
461 2319 539 2399 gelu
556 2317 692 2381 stabunt
708 2327 744 2381 ut
760 2338 926 2380 marmora
942 2338 1084 2400 puppes,

171 2458 204 2504 40
272 2449 334 2492 nec
351 2429 472 2511 poterit
488 2429 613 2512 rigidas
629 2431 755 2493 findere
771 2451 882 2492 remus
899 2450 1012 2511 aquas.

232 2541 385 2605 Vidimus
401 2543 433 2605 in
450 2543 556 2623 glacie
572 2542 674 2624 piscis
690 2544 827 2606 haerere
844 2543 973 2624 ligatos,

278 2653 336 2716 sed
352 2674 429 2735 pars
445 2674 486 2717 ex
501 2654 564 2717 illis
580 2664 661 2718 tunc
678 2675 810 2737 quoque
826 2655 902 2718 viva
918 2654 990 2717 fuit.

234 2765 312 2830 Sive
327 2766 428 2848 igitur
445 2766 565 2829 boreae
581 2766 674 2829 nimii
689 2769 739 2829 vis
756 2787 855 2830 saeva
872 2766 1018 2829 marinas

278 2877 346 2941 sive
362 2878 565 2941 redundatas
580 2878 717 2942 flumine
733 2879 823 2960 cogit
839 2899 953 2959 aquas

173 3016 205 3069 45
233 2989 384 3071 protinus
401 3000 543 3073 aequato
561 2990 658 3054 siccis
674 2991 883 3072 aquilonibus
902 2991 1019 3053 Histro

278 3101 445 3165 invehitur
460 3102 560 3165 celeri
575 3102 736 3165 barbarus
753 3103 858 3166 hostis
874 3123 969 3185 equo,

235 3214 354 3277 Hostis
370 3234 456 3297 equo
472 3214 602 3296 pollens
619 3217 785 3296 longeque
800 3215 935 3278 volante
952 3214 1074 3296 sagitta

277 3326 420 3389 vicinam
439 3326 504 3388 late
522 3326 746 3408 depopulatur
762 3327 907 3388 humum.

235 3438 430 3519 Diffugiunt
442 3437 506 3514 alii,
524 3438 689 3519 nullisque
706 3438 875 3500 tuentibus
892 3458 991 3518 agros

176 3579 207 3631 50
278 3549 499 3612 incustoditae
516 3548 714 3630 diripiuntur
730 3570 822 3632 opeS,

86 3635 90 3646 ⁹
234 3663 320 3724 ruris
336 3682 418 3743 opes
435 3682 566 3745 parvae,
586 3682 688 3743 pecus
704 3672 738 3724 et
754 3662 926 3725 stridentia
942 3645 1099 3742 plaustra,

278 3782 312 3837 et
328 3794 410 3855 quas
427 3773 557 3836 divitias
574 3773 681 3836 incola
698 3794 824 3855 pauper
837 3773 946 3835 habet.

1204 3368 1356 3416 Barbariana
