2996 4368
331 362 399 429 124
529 341 779 409 SELE‘CTIONS
809 351 928 409 FROM
959 352 1063 409 OVID

481 668 631 739 XXXl.
669 668 802 739 OVlD
834 667 1115 739 BANlSHED

328 870 413 934 Cum
430 868 518 931 subit
534 868 620 931 illius
637 867 825 931 tristissima
843 869 949 931 noctis
966 868 1076 949 imago

371 1002 436 1064 qua
452 982 532 1043 mihi
548 1001 739 1063 supremum
755 990 888 1060 tempus
904 980 937 1042 in
953 980 1035 1043 urbe
1052 981 1123 1056 tuit,

327 1113 402 1156 cum
420 1103 534 1175 repeto
552 1102 682 1156 noctem
699 1112 764 1174 qua
779 1101 829 1155 tot
844 1092 925 1154 mihi
941 1112 1019 1155 cara
1034 1091 1159 1174 reliqui,

371 1205 492 1268 labitur
507 1225 548 1268 ex
564 1205 667 1269 oculis
682 1226 770 1268 nunc
787 1225 919 1286 quoque
935 1213 1031 1285 gutta
1046 1204 1136 1268 meis.

134 1318 179 1364 ¹1¹⁸
331 1319 403 1380 lam
421 1337 525 1399 prope
542 1318 598 1380 lux
614 1318 729 1380 aderat
745 1337 811 1399 qua
827 1336 880 1381 me
896 1316 1067 1380 discedere
1084 1317 1208 1381 Caesar
1321 1345 1336 1398 5

134 1394 210 1440 ΒΜ
373 1430 493 1493 finibus
509 1440 674 1493 extremae
690 1430 830 1492 iusserat
846 1429 1026 1493 Ausoniae.

329 1544 401 1606 Nec
418 1542 563 1625 spatium
581 1543 690 1606 iuerat
706 1562 768 1605 nec
784 1562 878 1605 mens
894 1543 974 1605 satis
990 1551 1070 1622 apta
1086 1541 1241 1624 parandi;

370 1664 567 1736 torpuerant
584 1656 683 1735 longa
699 1664 834 1736 pectora
850 1663 964 1718 nostra
980 1674 1080 1716 mora.

329 1767 405 1829 Non
423 1767 503 1828 mihi
519 1787 698 1842 servorum,
713 1767 850 1830 comites
866 1787 933 1830 non
949 1785 1029 1830 cura
1044 1765 1187 1847 legendi,

370 1900 438 1942 non
454 1888 552 1960 aptae
568 1879 712 1960 profugo
727 1879 830 1942 vestis
844 1879 959 1960 opisve
976 1879 1047 1942 fuit.
1306 1914 1335 1950 10

329 1993 404 2054 Non
423 1992 518 2054 aliter
534 1992 645 2073 stupui
661 2012 761 2073 quam
778 1991 834 2073 qui
852 1991 941 2054 Iovis
957 1990 1091 2072 ignibus
1107 1991 1192 2055 ictus

369 2103 450 2167 vivit
466 2113 500 2166 et
515 2112 566 2166 est
580 2103 668 2166 vitae
685 2103 816 2166 nescius
832 2103 904 2186 ipse
920 2124 1009 2167 suae.

327 2217 375 2280 Ut
390 2225 501 2279 tamen
519 2217 606 2278 hanc
622 2215 723 2278 animi
739 2215 862 2287 nubem¹
877 2217 970 2279 dolor
984 2217 1057 2299 ipse
1072 2217 1221 2293 removit,

370 2338 406 2391 ut
421 2329 556 2391 tandem
573 2348 691 2391 sensus
708 2329 905 2392 convaluere
922 2328 996 2404 mei,

325 2441 486 2522 adloquor
502 2450 684 2504 extremum
702 2450 847 2504 maestos
864 2441 1012 2505 abiturus
1029 2443 1162 2518 amicos,
1304 2475 1334 2527 15

369 2555 424 2634 qui
441 2553 539 2615 modo
556 2553 597 2616 de
613 2552 725 2614 multis
743 2572 828 2616 unus
845 2563 878 2616 et
894 2554 977 2616 alter
993 2563 1097 2617 erant.

325 2666 419 2729 Uxor
435 2685 551 2727 amans
567 2664 702 2728 flentem
718 2664 802 2740 flens
818 2665 926 2728 acrius
942 2665 1015 2746 ipsa
1031 2665 1174 2742 tenebat,

349 2757 351 2762 ⁵
368 2777 471 2839 imbre
489 2797 548 2858 per
563 2777 718 2858 indignas
735 2797 839 2859 usque
856 2777 996 2841 cadente
1012 2798 1125 2858 genas.

325 2890 414 2951 Nata
430 2890 547 2971 procul
565 2888 699 2973 Libycis
717 2888 833 2953 aberat
849 2890 980 2953 diversa
996 2890 1057 2954 sub
1073 2890 1150 2967 oris,

367 3022 428 3064 nec
445 3009 576 3084 poterat
591 3002 652 3065 fati
669 3002 787 3065 certior
802 3022 876 3066 esse
892 3003 965 3066 mei.
1300 3029 1333 3064 20

323 3114 542 3196 Quocumque
556 3113 731 3195 aspiceres,
744 3115 851 3177 luctus
867 3115 1077 3196 gemitusque
1097 3114 1269 3191 sonabant,

365 3225 539 3307 formaque
555 3246 622 3288 non
639 3226 730 3289 taciti
746 3226 872 3289 funeris
889 3227 978 3289 intus
993 3236 1073 3290 erat.

109 3315 269 3424 ,aousenolu
323 3338 461 3401 Femina
476 3339 592 3420 virque
608 3358 691 3414 meu,
710 3339 803 3419 pueri
819 3358 959 3420 quoque,
977 3339 1095 3403 funere
1111 3350 1269 3416 maerent,

364 3450 464 3532 inque
480 3451 579 3512 domo
596 3450 749 3513 lacrimas
765 3451 907 3531 angulus
924 3453 1032 3514 omnis
1049 3451 1158 3515 habet.

322 3562 358 3626 Si
374 3562 450 3626 licet
466 3562 625 3643 exemplis
642 3563 675 3623 in
693 3583 795 3643 parvo
812 3562 994 3643 grandibus
1011 3565 1067 3640 uti,
1298 3587 1330 3639 ²5

363 3675 446 3738 haec
461 3673 566 3736 iacies
583 3673 712 3748 Troiae,
730 3694 805 3736 cum
823 3685 1007 3756 caperetur,
1025 3685 1104 3738 erat.

320 3787 457 3868 Iamque
470 3784 688 3867 quiescebant
700 3775 799 3848 uoces
815 3786 1052 3869 hominumque
1071 3808 1266 3870 canumque,
