2948 4368
109 1487 162 1534 ‘rho

109 1560 204 1609 baleiul

110 1635 222 1684 Goddess

300 299 351 367 40
518 291 767 349 SELECTIONS
794 293 911 350 FROM
942 292 1045 349 OVID

301 475 450 538 constitit
465 483 543 537 ante
560 474 695 536 domum
710 470 835 556 (neque
850 474 939 536 enim
959 474 1137 537 succedere
1157 475 1253 537 tectis

301 586 355 649 fas
372 585 488 671 habet)
502 596 535 650 et
551 585 655 667 postis
672 595 819 648 extrema
834 587 973 668 cuspide
988 587 1099 668 pulsat
1112 607 1119 663 ;

301 719 483 762 concussae
499 709 638 780 patuere
653 698 763 774 iores3
787 697 878 760 videt
893 698 982 761 intus
998 698 1153 762 edentem

283 825 284 830 ’
301 812 453 893 vipereas
469 811 586 886 camis,
600 810 753 873 vitiorum
770 810 927 873 alimenta
943 818 1091 886 suorum,
1286 837 1320 872 ro

302 923 476 999 Invidiam,
493 923 629 1005 visaque
645 921 758 985 oculos
775 923 901 985 avertit.
948 923 997 986 At
1011 922 1068 986 illa

301 1035 408 1117 surgit
424 1036 524 1098 humo
541 1036 636 1116 pigre
652 1055 925 1117 semesarumque
941 1035 1097 1118 relinquit

302 1167 442 1229 corpora
455 1157 648 1228 serpentum
666 1167 833 1230 passuque
849 1148 973 1211 incedit
988 1147 1093 1211 inerti.

301 1260 416 1342 thue
432 1259 530 1322 deam
545 1259 627 1322 vidit
642 1260 816 1342 formaque
832 1260 999 1343 armisque
1014 1261 1178 1337 decoram,

301 1370 463 1452 ingemuit
479 1373 673 1454 vultumque
689 1372 756 1433 ima
772 1372 815 1434 ad
832 1372 975 1464 suspiria
991 1373 1092 1436 duxit.
1282 1401 1315 1454 15

346 1483 454 1546 Pallor
468 1484 502 1546 in
519 1504 577 1546 ore
593 1484 696 1560 sedet,
714 1484 837 1547 macies
853 1484 886 1546 in
902 1505 1042 1566 corpore
1058 1494 1137 1560 t0t0,

301 1617 465 1679 nusquam
482 1606 573 1659 recta
589 1598 686 1673 acies,
705 1596 808 1660 livent
823 1597 974 1679 robigine
991 1598 1117 1673 dentes

301 1718 437 1790 pectora
452 1708 531 1794 felle
546 1709 663 1783 virent,
681 1708 796 1790 lingua
811 1720 863 1772 est
878 1709 1007 1773 suffusa
1022 1730 1161 1773 venen0.

302 1819 402 1882 Risus
418 1819 522 1895 abest,
539 1820 602 1882 nisi
618 1840 717 1902 quem
734 1821 796 1883 visi
811 1841 944 1884 movere
960 1822 1101 1885 dolores

298 1932 373 1994 Nec
389 1931 509 1995 fruitur
526 1952 641 1994 somno
657 1931 853 2013 vigilacibus
869 1933 975 1995 excita
991 1933 1087 2010 curis,
1280 1965 1314 2000 20

300 2044 359 2106 sed
375 2043 466 2106 videt
480 2045 629 2125 ingratos
645 2043 888 2126 intabescitque
903 2043 1047 2118 videndo

300 2175 474 2218 successus
490 2155 671 2230 hominum,
689 2156 862 2238 carpitque
878 2165 911 2218 et
927 2157 1074 2238 carpitur
1089 2177 1165 2232 una,

301 2267 566 2350 suppliciumque
590 2288 686 2329 suum
710 2277 769 2330 est.
815 2268 976 2349 Quamvis
999 2277 1112 2331 tamen
1135 2269 1252 2332 oderat

387 2380 485 2456 illam,

300 2491 421 2555 talibus
438 2493 553 2556 adfata
569 2501 619 2554 est
634 2491 779 2555 breviter
795 2492 944 2555 Tritonia
961 2492 1075 2555 dictis:

303 2608 322 2635 “
334 2605 437 2667 Infic‘e
452 2604 528 2666 tabe
545 2613 603 2666 tua
618 2613 771 2666 natarum
789 2604 948 2685 Cecropis
964 2626 1074 2667 unam.
1134 2623 1138 2632 ·
1280 2632 1312 2685 25

302 2715 356 2779 Sic
373 2737 457 2798 opus
473 2725 532 2778 est.
562 2716 732 2797 Aglauros
748 2737 788 2779 ea
803 2717 886 2779 est.'’
914 2717 1016 2780 Haud
1033 2718 1129 2798 plura
1141 2719 1251 2780 locuta
1297 2735 1305 2746 ·

301 2827 389 2909 fugit
404 2838 438 2891 et
452 2828 614 2910 impressa
629 2828 782 2891 tellurem
798 2829 945 2910 reppulit
960 2830 1065 2892 hasta.

346 2939 409 3002 Illa
425 2940 521 3003 deam
538 2939 670 3022 obliquo
686 2940 873 3022 fugientem
890 2940 1014 3003 lumine
1030 2961 1172 3004 cernens

303 3072 471 3113 murmura
486 3072 590 3133 parva
605 3052 696 3115 dedit
712 3072 1009 3135 successurumque
1026 3053 1199 3117 Minervae

301 3163 450 3238 indoluit,
467 3164 688 3247 baculumque
704 3165 802 3246 capit,
819 3166 909 3247 quod
926 3165 1042 3246 spinea
1057 3175 1163 3229 totum
1281 3204 1314 3254 30

301 3275 434 3338 vincula
449 3275 645 3356 cingebant;
670 3277 897 3359 adopertaque
913 3278 1057 3341 nubibus
1072 3281 1162 3354 atris,

301 3407 511 3469 quacumque
527 3387 710 3469 ingreditur
727 3389 880 3452 florentia
896 3391 1034 3470 proterit
1049 3411 1129 3454 arva

301 3501 473 3581 exuritque
490 3500 609 3563 herbas
625 3510 659 3564 et
674 3521 804 3563 summa
819 3501 994 3565 cacumina
1010 3503 1118 3584 carpit

302 3611 493 3694 adflatuque
509 3632 568 3675 suo
584 3614 726 3693 populos
742 3612 898 3695 urbisque
914 3614 1096 3698 domosque

302 3723 437 3806 polluit;
464 3733 497 3787 et
513 3725 647 3787 tandem
664 3726 836 3789 Tritonida
852 3727 1014 3808 conspicit
1029 3747 1140 3791 arcem
1284 3750 1315 3801 35
