2996 4368
408 298 599 359 BACCHUS
624 297 713 358 AND
743 297 830 356 THE
859 297 1024 356 SAILORS
1111 305 1189 379 151'

228 483 294 545 His
307 502 440 564 quoque
453 483 512 546 des
523 481 675 546 veniam’
717 481 795 545 ‘Pro
811 481 906 544 nobis
923 479 1017 544 mitte
1030 478 1178 562 precari}

227 595 346 680 Dictys
363 597 417 670 ait,
431 615 497 676 quo
513 605 580 657 non
596 594 680 657 alius
696 593 920 658 conscendere
937 612 1084 656 summas
1198 590 1306 638 nouem

164 731 199 778 40
226 706 316 770 ocior
331 717 507 769 antemnas
523 726 711 789 prensoque
727 706 868 769 rudente
884 704 996 769 relabi.

227 820 304 883 Hoc
322 818 435 904 Libys,
454 819 518 882 hoc
534 818 648 894 flavus,
667 837 786 899 prorae
803 818 917 893 tutela,
931 817 1136 894 Melanthus,
1198 813 1309 874 outrage

226 933 289 995 hoc
300 931 420 1013 probat
430 930 630 995 Alcimedon
641 940 674 994 et
687 929 744 1012 qui
753 932 969 1012 requiemque
980 929 1181 1014 modumque

225 1063 307 1108 voce
318 1043 419 1107 dabat
435 1045 545 1118 remis
563 1043 747 1106 animorum
765 1043 913 1105 hortator
933 1043 1103 1125 Epopeus,

225 1157 290 1220 hoc
305 1176 422 1220 omnes
438 1156 502 1219 alii.
550 1155 695 1219 Praedae
712 1164 781 1217 tam
798 1174 899 1218 caeca
915 1155 1037 1236 cupido
1053 1165 1115 1220 est.

164 1293 197 1345 45
227 1269 325 1332 ‘Non
346 1277 460 1332 tamen
476 1269 562 1332 hanc
574 1288 669 1331 sacro
685 1266 802 1331 violari
821 1267 968 1349 pondere
984 1267 1099 1350 pinum

226 1380 414 1463 perpetiar,’
432 1380 515 1458 dixi;
541 1385 637 1461 ‘pars
654 1380 707 1444 hic
724 1381 804 1443 mihi
823 1380 965 1443 maxima
981 1379 1080 1443 iuris!

226 1493 334 1574 Inque
350 1492 441 1556 aditu
457 1492 592 1556 obsisto:
641 1492 736 1556 Furit
753 1492 994 1556 audacissimus
1011 1494 1100 1555 omni

175 1651 177 1655 ·
202 1670 204 1676 ,
221 1605 267 1667 de
283 1625 421 1669 numero
439 1605 602 1690 Lycabas,
619 1605 676 1688 qui
692 1606 803 1668 Tusca
820 1606 937 1687 pulsus
953 1604 996 1667 ab
1011 1603 1093 1668 urbe

224 1717 377 1780 exsilium
394 1717 465 1780 dira
481 1737 623 1799 poenam
640 1738 700 1800 pro
716 1717 818 1781 caede
839 1716 959 1780 luebat.

164 1859 195 1911 5ο
270 1831 337 1892 “Is
353 1830 443 1905 mihi,
460 1830 539 1892 dum
554 1839 652 1905 resto,
670 1829 815 1893 iuvenali
831 1838 967 1911 guttura
984 1849 1098 1911 pugno

224 1941 322 2023 rupit,
340 1951 374 2004 et
387 1961 564 2005 excussum
580 1942 725 2006 misisset
740 1941 775 2004 in
794 1962 950 2023 aequora,
968 1942 995 2004 si
1011 1962 1079 2005 non
1110 1933 1115 1942 ’

224 2052 417 2129 haesissem,
434 2056 586 2136 quamvis
602 2073 727 2130 amens,
745 2055 779 2117 in
796 2055 877 2117 fune
893 2063 1051 2117 retentus.

225 2165 336 2247 Impia
350 2165 448 2228 turba
463 2165 583 2247 probat
596 2166 731 2229 iactum.
762 2167 850 2229 Tum
862 2165 1005 2247 denique
1025 2166 1177 2228 Bacchus

221 2274 392 2359 (Bacchus
408 2279 497 2340 enim
513 2275 646 2362 iuerat),
663 2279 767 2342 veluti
783 2278 927 2342 clamore
944 2280 1071 2341 solutus

163 2406 193 2458 55
223 2389 267 2451 sit
281 2409 382 2471 sopor
398 2409 482 2471 aque
495 2393 587 2453 mero
601 2389 742 2454 'redeant
757 2390 791 2453 in
809 2399 946 2472 pectora
962 2409 1088 2466 sensus,

224 2499 329 2582 ‘Quid
337 2500 467 2564 facitis?
484 2501 568 2584 Quis
577 2502 734 2565 clamor?'
747 2502 802 2578 ait,
814 2499 1030 2585 ‘Qua(dicite,
1039 2499 1178 2584 nautae)

222 2614 288 2681 huo
304 2632 368 2694 ope
384 2613 544 2695 perveni?
580 2613 666 2696 Quo
683 2634 735 2677 me
753 2614 885 2678 deferre
902 2614 1027 2696 paratis
1038 2614 1067 2676 ?’

223 2725 330 2787 ‘Pone
347 2724 491 2801 metum,’
512 2726 665 2802 Proreus,
677 2730 723 2790 ‘et
740 2747 825 2810 quos
839 2725 1032 2808 contingere
1050 2734 1174 2807 portus,

202 2836 299 2912 ede,
310 2837 412 2912 velis,’
430 2837 525 2914 dixit;
552 2843 658 2901 ‘terra
674 2838 791 2902 sistere
808 2837 932 2920 petita.'

158 2956 191 3005 60
220 2948 382 3024 ‘Naxon,'’
397 2951 444 3012 ait
460 2949 569 3026 Liber,
589 2955 722 3014 ‘cursus
739 2950 900 3015 advertite
917 2961 1055 3014 vestros
1146 2942 1150 2948 ’

263 3162 303 3226 38.
312 3163 401 3214 mitte
412 3165 539 3226 precari:
553 3167 608 3215 noli
614 3168 729 3231 precari.
754 3181 793 3230 39.
805 3179 877 3229 quo:
890 3167 952 3215 than
964 3167 1051 3215 whom.
1077 3179 1117 3227 40.
1126 3178 1176 3214 an-

220 3249 355 3295 temnant
370 3249 615 3309 yma-pranso
628 3250 769 3299 rudente:
786 3251 913 3314 grasping
922 3265 938 3296 a
952 3257 1017 3313 rope.
1051 3261 1091 3310 41.
1109 3261 1175 3310 pro-

219 3340 272 3378 rae
284 3329 395 3378 tutelas
415 3330 457 3379 i.e.
468 3329 511 3379 the
523 3331 637 3380 lookout.
660 3344 700 3397 45.
711 3333 823 3392 plnum:
839 3347 937 3380 navem.
963 3346 1003 3393 49.
1017 3332 1172 3381 exsilium:

220 3411 361 3474 appositive
373 3419 399 3462 to
411 3420 530 3476 poenam.
577 3426 616 3479 50.
631 3418 731 3464 testor
744 3415 835 3463 resisto.
844 3441 877 3450 —-
886 3417 1022 3474 guttura:
1043 3415 1132 3463 throat.
1141 3441 1175 3450 —

219 3505 322 3556 pugno
333 3513 338 3542 z
349 3495 405 3560 fist.
441 3508 480 3561 54.
492 3495 605 3546 iuerat:
626 3503 700 3545 trans.
714 3512 740 3544 as
757 3496 779 3545 ii
793 3503 855 3554 erat,
868 3497 919 3545 and
936 3504 996 3545 note
1010 3496 1055 3545 the
1069 3497 1136 3544 iorce
1149 3496 1177 3544 os

219 3574 264 3624 the
283 3576 362 3641 plups.
397 3589 437 3642 55.
455 3590 546 3639 aque:
567 3586 591 3627 et
600 3578 637 3626 ab.
674 3578 712 3643 58.
730 3591 827 3640 quoa.
848 3615 853 3628 .
875 3615 881 3627 .
904 3578 995 3628 vella:
1027 3579 1078 3628 ind.
1092 3585 1172 3642 quest.

219 3658 581 3723 menda-contingere:
601 3660 661 3710 with
680 3661 748 3710 velis.
783 3673 822 3726 59.
841 3661 964 3710 sistere:
989 3661 1047 3709 thou
1064 3662 1132 3709 skalt
1147 3661 1173 3708 be

220 3741 322 3791 landed.
421 3781 423 3788 ,
