2996 4368
485 308 612 387 Jason
637 308 726 368 Am>
757 307 903 369 unum
1121 317 1167 394 75

216 493 356 569 occidat,
373 492 406 556 in
423 493 474 556 dis
489 502 548 556 est.
595 493 695 557 Vivat
711 502 842 568 tamen;
866 493 965 576 idque
982 493 1110 575 precari
1186 493 1257 542 Μ

155 626 188 680 ²5
215 605 271 668 vel
286 607 358 668 sine
374 626 485 669 amore
501 605 587 669 licet.
635 605 724 688 Quid
740 605 829 669 enim
845 606 1009 670 commisit
1027 605 1150 670 Iason?
1185 570 1249 690 ἷξε,

216 717 328 799 Quem
344 718 408 780 nisi
425 718 593 781 crudelem
610 738 676 781 non
692 727 811 800 tangat
829 717 958 782 Ittsonis
973 728 1066 782 aetas
1184 717 1263 778 J²⁸⁰¹¹

215 838 251 892 et
267 849 374 911 genus
390 839 424 892 et
438 830 566 893 virtus?
612 831 722 913 Quem
739 851 816 906 non,
833 840 870 894 ut
885 840 996 895 cetera
1010 831 1130 908 desint,

215 961 273 1004 ore
291 960 423 1004 movere
439 942 573 1023 potest?
618 942 717 1006 Certe
733 962 808 1006 mea
824 954 962 1025 pectora
977 943 1089 1008 movit.

214 1053 267 1116 At
282 1053 346 1116 nisi
361 1073 460 1136 opem
476 1055 592 1130 tulero,
609 1065 779 1118 taurorum
796 1056 972 1120 adflabitur
987 1076 1044 1120 ore

153 1196 188 1249 30
214 1177 458 1249 concurretque
474 1187 554 1230 suae
570 1166 685 1249 segeti,
702 1169 820 1232 tellure
836 1168 957 1232 creatis

214 1277 377 1354 hostibus,
395 1288 452 1341 aut
467 1279 565 1343 avido
580 1279 713 1343 dabitur
729 1281 802 1344 fera
818 1281 943 1363 praeda
958 1281 1102 1345 draconi.

215 1391 295 1455 Hoc
311 1411 375 1474 ego
391 1393 418 1456 si
435 1393 552 1474 patiar,
569 1402 639 1455 tum
656 1413 709 1456 me
725 1393 767 1456 de
783 1391 903 1474 tigride
919 1402 1040 1468 natam,

213 1513 287 1567 tum
304 1504 428 1568 ferrum
444 1514 478 1568 et
494 1506 650 1585 scopulos
665 1514 798 1586 gestare
814 1505 848 1567 in
865 1505 964 1568 corde
981 1506 1120 1570 fatebor.

215 1617 286 1680 Cur
302 1637 369 1680 non
385 1626 419 1680 et
433 1626 549 1698 specto
566 1627 771 1698 pereuntem,
788 1617 968 1698 oculosque
983 1617 1127 1680 videndo

151 1754 185 1808 35
212 1728 430 1793 conscelero?
476 1729 545 1794 Cur
560 1749 626 1792 non
642 1719 755 1792 tauro's
771 1729 926 1792 exhortor
941 1729 974 1790 in
991 1729 1082 1791 illum

213 1841 468 1924 terrigenasque
478 1840 574 1904 'feros
590 1841 838 1923 insopitumque
854 1841 1057 1904 draconem?

262 1954 339 2016 “Di
363 1954 499 2016 meliora
517 1954 629 2017 velint.
678 1953 891 2035 Quamquam
916 1972 983 2016 non
1007 1953 1072 2016 ista
1096 1973 1168 2035 pre-

306 2066 422 2142 canda,

214 2178 276 2242 sed
293 2177 448 2241 facienda
464 2177 552 2240 mihi.
609 2176 793 2241 Prodamne
809 2197 873 2258 ego
889 2197 993 2258 regna
1009 2180 1166 2259 parentis,

214 2298 318 2372 atque
333 2310 397 2371 ope
412 2289 525 2353 nescio
541 2288 615 2371 quis
632 2289 818 2352 servabitur
833 2289 962 2352 advena
978 2301 1100 2365 nostra,
1185 2303 1235 2350 sne

153 2434 187 2482 40
214 2411 254 2465 ut
269 2421 329 2484 per
345 2422 397 2465 me
414 2421 530 2482 sospes
547 2401 618 2464 sine
633 2421 686 2464 me
703 2401 759 2464 det
775 2401 876 2464 lintea
892 2404 1010 2478 ventis,
1184 2377 1308 2511 g‘ssmyal

213 2512 332 2596 virque
349 2513 390 2576 sit
405 2513 549 2590 alterius
568 2533 696 2595 poenae
714 2513 835 2577 Medea
851 2513 1040 2596 relinquar?

215 2626 255 2691 Si
269 2625 382 2689 facere
398 2626 462 2688 hoc
479 2625 619 2689 aliamve
635 2635 746 2707 potest
762 2645 968 2707 praeponere
984 2625 1091 2701 nobis,

214 2737 346 2802 occidat
360 2737 520 2818 ingratus.
569 2737 635 2802 Sed
651 2758 718 2801 non
735 2737 762 2800 is
777 2737 889 2800 vultus
905 2737 938 2799 in
955 2738 1019 2814 illo,

214 2871 284 2914 non
300 2870 341 2913 ea
356 2849 510 2913 nobilitas
526 2849 637 2912 animo
653 2859 712 2926 est,
730 2868 770 2913 ea
785 2849 894 2930 gratia
909 2851 1047 2925 formae,

154 2987 186 3041 45
215 2972 253 3026 ut
269 2961 403 3026 timeam
419 2961 572 3025 fraudem
589 2963 763 3044 meritique
779 2961 901 3024 oblivia
916 2961 1029 3025 nostri.

217 3076 263 3139 Et
278 3073 371 3138 dabit
386 3083 464 3138 ante
480 3073 597 3150 fidem;
622 3093 807 3155 cogamque
823 3074 856 3135 in
874 3073 1010 3137 foedera
1026 3073 1121 3136 testis

214 3207 290 3252 esse
306 3188 395 3251 deos.
432 3185 522 3268 Quid
539 3194 611 3248 tuta
627 3185 748 3249 times?
782 3184 971 3265 Accingere
987 3194 1020 3248 et
1035 3205 1168 3248 omnem

215 3299 303 3382 pelle
319 3318 455 3362 moram.
501 3297 578 3360 Tibi
593 3317 630 3360 se
645 3316 778 3380 semper
792 3296 925 3360 debebit
942 3297 1052 3373 lason,

215 3405 250 3474 te
265 3410 341 3474 face
357 3409 508 3484 sollemni
523 3409 640 3490 iunget
657 3407 727 3484 sibi,
747 3427 873 3490 perque
891 3407 1048 3488 Pelasgas

159 3547 189 3601 5⁰
216 3523 376 3586 servatrix
391 3521 482 3585 urbis
498 3529 640 3584 matrum
658 3518 869 3582 celebrabere
884 3519 990 3582 turba.

262 3636 384 3718 “Ergo
414 3654 478 3716 ego
509 3652 703 3716 germanam
734 3633 940 3714 fratremque
974 3643 1169 3715 patremque
1187 3652 1259 3711 uuty

304 3748 451 3829 deosque
1188 3727 1283 3784 ’μω
