2948 4368
320 359 364 427 28
530 369 779 428 SELECTIONS
809 368 926 428 FROM
957 369 1061 428 OVID

318 553 453 616 lumina.
501 555 672 636 Purpurea
688 555 816 618 velatus
831 565 926 622 veste,
941 556 1079 618 sedebat

304 665 351 744 ‚in
368 665 450 728 solio
467 666 622 730 Phoebus
638 667 734 730 claris
750 666 883 730 lucente
899 668 1093 748 smaragdis.

318 763 352 842 Ᾰ
368 779 482 842 dextra
498 781 659 862 laevaque
677 781 760 844 Dies
775 791 809 844 et
827 783 955 844 Mensis
970 791 1005 845 et
1016 781 1138 844 Annus
1292 815 1325 869 ²5

318 891 525 974 Saeculaque
540 902 573 956 et
590 895 718 974 positae
735 895 851 975 spatiis
867 893 1061 976 aequalibus
1079 894 1192 968 Horae

316 1005 452 1088 Verque
467 1025 590 1067 novum
608 1004 717 1068 stabat
733 1015 878 1068 cinctum
894 1005 1033 1069 florente
1049 1012 1180 1080 corona,

316 1115 426 1180 stabat
442 1118 532 1179 mida
548 1117 672 1179 Aestas
688 1127 722 1180 et
738 1127 851 1199 spicea
867 1126 954 1180 serta
971 1117 1116 1199 gerebat,
1157 1138 1158 1142 ¹

316 1229 426 1292 stabat
441 1237 474 1292 et
490 1228 684 1292 Autumnus
701 1230 836 1292 calcatis
853 1229 1004 1293 sordidus
1020 1236 1102 1305 rivis

316 1349 350 1403 et
364 1340 513 1421 glacialis
532 1340 651 1404 Hiems
667 1348 768 1404 canos
785 1342 911 1404 hirsuta
928 1340 1075 1423 capillos.
1291 1362 1325 1413 30

360 1453 445 1516 Inde
461 1453 535 1516 loco
550 1453 678 1516 medius
694 1460 803 1516 rerum
820 1453 965 1516 novitate
981 1461 1160 1535 paventem

316 1564 373 1630 sol
390 1565 493 1628 oculis
509 1565 668 1628 iuvenem
681 1565 801 1646 quibus
817 1564 935 1646 aspicit
951 1566 1064 1627 omnia
1078 1564 1168 1640 vidit,

317 1676 472 1758 “Quae”
494 1697 560 1760 que
582 1677 685 1740 “viae
709 1676 770 1739 tibi
795 1676 918 1739 causa?
973 1676 1062 1759 Quid
1091 1675 1184 1752 haic,”
1210 1678 1267 1754 ait,

404 1788 508 1852 “arce
524 1798 645 1871 petisti,

316 1899 503 1982 progenies,
518 1901 700 1976 Phaethon,
718 1901 808 1963 haud
824 1900 997 1964 infitianda
1013 1911 1145 1983 parenti
1157 1901 1168 1964 ?
1178 1901 1196 1926 ”

318 2012 380 2076 llle
396 2013 517 2076 refert:
546 2018 564 2044 “
576 2013 607 2076 O
624 2013 680 2075 lux
695 2013 848 2076 immensi
864 2013 998 2095 publica
1014 2014 1138 2089 mundi,
1291 2043 1324 2096 35

318 2123 459 2201 Phoebe,
476 2108 580 2207 pater,
595 2134 626 2187 si
640 2125 701 2187 das
717 2125 815 2188 huius
831 2125 912 2187 mihi
927 2125 1071 2189 nominis
1088 2133 1194 2202 risum,

316 2246 457 2318 pignora
472 2237 524 2312 dai,
541 2236 679 2318 genitor,
697 2257 758 2318 per
773 2257 859 2319 quae
874 2247 932 2300 tua
947 2245 1027 2300 vera
1042 2246 1195 2321 propago

315 2348 441 2424 credar,
458 2357 491 2411 et
507 2347 596 2412 hunc
613 2348 732 2411 animis
749 2357 893 2413 errorem
911 2345 1049 2413 detrahe
1065 2352 1219 2414 nostris'’

317 2461 464 2523 Dixerat.
501 2461 560 2540 *At
575 2460 705 2542 genitor
721 2462 844 2524 circum
861 2473 962 2543 caput
979 2483 1078 2526 omne
1094 2465 1248 2528 micantis

314 2572 469 2653 deposuit
485 2572 593 2635 radios
609 2572 812 2655 propiusque
829 2575 986 2638 accedere
1002 2575 1106 2651 iussit,
1290 2601 1324 2648 40

315 2683 537 2766 amplexuque
553 2663 650 2758 dato‚'
660 2690 677 2716 ‘⁶
688 2685 760 2748 Nec
776 2693 811 2748 tri
830 2706 924 2749 meus
940 2706 1014 2750 esse
1031 2695 1149 2769 negari

235 2789 238 2794 ’
315 2795 438 2876 dignus
453 2816 499 2871 es
517 2804 551 2858 et
567 2795 728 2879 Clymene
744 2796 870 2872 veros,”
888 2798 943 2874 ait,
963 2804 980 2830 ‘⁴
992 2798 1096 2862 edidit
1111 2807 1213 2864 ortus.

317 2906 459 2988 Quoque
472 2909 580 2971 minus
593 2906 733 2983 dubites,
748 2909 887 2990 quodvis
900 2920 978 2990 pete
990 2918 1121 2988 mimus,
1135 2921 1172 2974 ut
1188 2912 1269 2976 illud

316 3026 370 3080 me
385 3017 551 3082 tribuente
567 3018 677 3094 ieras;
700 3019 854 3100 promissi
869 3021 963 3085 testis
979 3022 1097 3086 adesto

316 3129 367 3192 dis
382 3130 522 3192 iuranda
538 3128 644 3211 paliis,
662 3132 764 3193 oculis
780 3133 950 3214 incognita
966 3136 1119 3198 nostris.’'
1290 3160 1324 3215 45

116 3260 158 3308 sor
359 3241 424 3303 Vix
438 3239 525 3304 bene
540 3241 693 3317 desierat,
711 3250 827 3306 currus
844 3255 940 3326 rogat
955 3245 1010 3308 ille
1027 3255 1194 3328 paternos,

116 3336 219 3394 repente
315 3351 415 3433 inque
431 3351 518 3415 diem
535 3351 703 3433 alipedum
719 3353 770 3416 iris
786 3364 820 3417 et
836 3356 1050 3421 moderamen
1067 3368 1237 3441 equorum.

317 3461 483 3526 Paenituit
498 3462 624 3527 iurasse
640 3473 793 3556 patrem.¹
824 3466 892 3548 Qui
907 3476 1024 3550 terque
1041 3481 1225 3553 quaterque

317 3573 510 3637 concutiens
526 3574 665 3638 inlustre
679 3586 789 3657 caput,
808 3582 827 3609 “
837 3579 1060 3656 Temeraria‚”
1078 3582 1169 3657 dixit,

319 3691 410 3747 “vox
426 3705 501 3747 mea
517 3685 607 3748 iacta
623 3693 754 3750 tuaest.
795 3689 932 3752 Utinam
950 3692 1115 3772 promissa
1130 3693 1246 3757 liceret
1293 3723 1326 3775 50

317 3805 384 3859 non
400 3797 497 3860 dare!
524 3796 698 3872 Confiteor,
713 3799 819 3862 solum
835 3802 898 3864 hoc
914 3802 982 3878 tibi,
996 3811 1084 3880 nate,
1099 3813 1268 3888 negarem.
