2948 4368
579 287 753 346 CADMUS

142 476 174 524 80
201 471 319 546 fertur,
337 480 372 533 et
387 469 551 533 obstantis
568 470 743 552 proturbat
757 480 892 553 pectore
909 472 1018 536 silvas.

246 582 345 645 Cedit
359 581 573 662 Agenorides
589 582 734 664 paulum,
751 583 925 666 spolioque
941 583 1046 648 leonis

202 695 346 757 sustinet
359 694 522 770 incursus,
539 693 766 777 instantiaque
782 716 840 758 ora
855 697 1003 759 retardat

201 805 341 888 cuspide
357 815 542 888 praetenta.
587 805 681 870 Furit
695 807 751 871 ille
766 817 800 870 et
814 807 927 872 inania
942 809 1025 872 duro

200 919 342 980 vulnera
357 918 416 981 dat
431 918 530 995 ferro,
548 918 684 1001 figitque
700 919 734 982 in
751 920 904 984 acumine
920 921 1038 984 dentis.

143 1037 172 1100 85
203 1032 345 1112 Iamque
360 1030 555 1094 venenifero
572 1032 709 1112 sanguis
725 1051 860 1096 manare
877 1033 989 1114 palato

202 1151 360 1224 coeperat
375 1151 410 1205 et
425 1141 539 1205 viridis
554 1142 732 1225 aspergine
748 1143 892 1209 tinxerat
908 1145 1047 1221 herbas;

202 1255 262 1318 sed
278 1256 353 1318 leve
368 1255 490 1316 vulnus
505 1264 586 1331 erat,
604 1255 682 1337 quia
698 1277 734 1320 se
751 1257 941 1320 retrahebat
956 1257 999 1319 ab
1014 1257 1082 1320 ictu

202 1367 360 1449 laesaque
377 1365 463 1430 colla
477 1366 578 1430 dabat
594 1377 681 1431 retro
696 1368 898 1452 plagamque
914 1369 1030 1434 sedere

202 1482 356 1546 cedendo
372 1480 507 1545 arcebat
523 1501 584 1546 nec
600 1482 733 1564 longius
748 1481 796 1546 ire
811 1482 951 1558 sinebat,

142 1615 174 1665 90
202 1594 314 1657 donec
330 1593 542 1674 Agenorides
560 1593 747 1658 coniectum
763 1595 797 1657 in
813 1603 949 1676 guttura
964 1594 1090 1657 ferrum

203 1725 313 1789 usque
329 1725 474 1788 sequens
491 1707 620 1788 pressit,
639 1708 718 1769 dum
735 1716 823 1770 retro
839 1725 981 1789 quercus
996 1707 1089 1770 eunti

203 1817 343 1893 obstitit,
359 1827 395 1881 et
411 1819 474 1881 fixa
489 1828 540 1882 est
555 1819 679 1901 pariter
695 1839 770 1883 cum
786 1818 904 1882 robore
920 1819 1038 1882 cervix.

204 1931 359 1994 Pondere
375 1933 539 2013 serpentis
555 1941 691 1995 curvata
705 1941 758 1995 est
773 1931 872 1994 arbor
887 1940 921 2010 et
936 1930 1002 1994 ima

204 2052 303 2125 parte
320 2043 480 2125 flagellari
497 2045 623 2126 gemuit
639 2063 699 2106 sua
715 2043 834 2107 robora
850 2043 984 2107 caudae.

142 2168 174 2220 95
252 2156 345 2218 Dum
361 2156 504 2237 spatium
520 2158 626 2220 victor
640 2155 719 2220 victi
733 2155 922 2220 considerat
938 2154 1051 2230 hostis,

204 2288 271 2330 vox
301 2267 409 2331 subito
443 2268 555 2332 audita
588 2277 648 2331 est.
705 2269 824 2351 Neque
854 2276 926 2330 erat
956 2283 1263 2349 cognosceremur·

294 2389 486 2462 promptum

1174 2368 1282 2417 appears

1176 2433 1202 2479 to

206 2491 306 2566 unde,
335 2492 393 2554 sed
415 2491 528 2556 audita
550 2501 621 2556 est:
653 2497 672 2524 “
682 2491 782 2574 Quid,
799 2491 958 2573 Agenore
981 2500 1067 2567 nate,
1088 2510 1159 2576 per·
1176 2506 1285 2554 cadmus

295 2613 444 2685 emptum

207 2725 399 2797 serpentem
415 2716 573 2797 spectas?
607 2717 651 2779 Et
667 2725 704 2779 tu
720 2715 916 2798 spectabere
933 2716 1104 2796 serpens.”

209 2827 272 2890 Ille
288 2828 344 2891 diu
361 2828 501 2908 pavidus
516 2829 641 2910 pariter
656 2848 732 2891 cum
750 2837 861 2892 mente
877 2827 1022 2891 colorem

148 2967 196 3002 ιοο
208 2939 407 3021 perdiderat,
425 2939 602 3022 gelidoque
619 2960 734 3004 comae
749 2949 875 3004 terrore
891 2939 1053 3021 rigebant.

209 3053 299 3115 Ecce
314 3051 376 3114 viri
391 3052 514 3115 fautrix
529 3072 668 3134 superas
684 3052 821 3135 delapsa
836 3073 897 3134 per
912 3072 1010 3115 auras

209 3163 319 3227 Pallas
335 3164 431 3228 adest
446 3174 623 3248 motaeque
638 3164 730 3228 iubet
747 3184 937 3246 supponere
953 3174 1060 3228 terrae

208 3276 362 3358 vipereos
379 3276 496 3353 dentis,
515 3277 630 3359 populi
647 3277 852 3341 incrementa
868 3276 981 3340 futuri.

210 3391 309 3453 Paret
324 3399 358 3453 et
373 3399 409 3453 ut
425 3410 541 3472 presso
558 3389 686 3453 sulcum
702 3389 863 3472 patefecit
878 3399 998 3465 aratro,

151 3529 197 3582 105
209 3503 339 3584 spargit
355 3503 448 3565 humi
463 3504 580 3579 iussos,
599 3502 750 3567 mortalia
766 3504 901 3578 semina,
919 3501 1037 3565 dentis.

211 3614 307 3689 Inde,
324 3615 389 3678 fide
405 3617 520 3691 maius,
538 3614 677 3696 glaebae
694 3634 834 3696 coepere
851 3614 986 3690 moveri,

211 3727 385 3810 primaque
401 3727 443 3791 de
459 3727 558 3790 sulcis
575 3728 663 3790 acies
679 3728 835 3808 apparuit
850 3727 981 3800 hastae3

1178 3397 1231 3444 Tho

1178 3472 1243 3519 seed

1177 3558 1249 3594 town
