2948 4368
559 343 646 407 THE
677 348 815 406 FLOOD
1118 355 1160 405 21

210 533 359 614 concipit
374 519 438 595 lris
455 540 558 615 aqueas
575 532 798 613 alimentaque
814 531 958 594 nubibus
975 530 1095 594 adfert.

212 645 414 708 Sternuntur
429 653 561 727 segetes
576 655 610 708 et
625 645 799 726 deplereta
814 643 939 707 colenis

157 780 189 831 30
210 765 290 820 veta
305 757 424 834 iacent
441 757 598 840 longique
615 756 700 838 perit
715 755 808 820 labor
824 756 941 818 inritus
956 763 1044 818 anni.

257 870 331 932 Nec
347 870 441 933 caele
456 879 611 933 contenta
626 877 688 932 sue
702 878 755 932 est
771 867 861 932 lovis
876 877 933 944 ira,
951 867 1009 932 sed
1025 867 1117 931 illum
1189 872 1307 932 neptune

115 1029 117 1034 .
210 981 384 1045 caeruleus
400 982 505 1045 freter
519 982 611 1045 iuvat
626 980 838 1044 auxiliaribus
854 980 961 1043 undis.
1188 948 1245 1070 ἷξε

212 1094 384 1159 Convocat
400 1094 454 1157 hic
470 1094 600 1156 Amnis.
649 1093 717 1175 Qui
732 1102 908 1176 postquam
925 1100 1012 1156 tecta
1030 1102 1164 1177 tyranni
1190 1097 1297 1144 Brother

210 1205 377 1269 intravere
393 1215 453 1282 sui,
472 1211 490 1238 “
503 1207 579 1268 Nen
596 1214 649 1268 est
664 1205 851 1268 hortamine
868 1205 969 1287 longe

156 1342 187 1393 35
211 1319 333 1394 nunc,”
351 1319 405 1393 ait,
425 1323 443 1350 “
453 1317 622 1381 utendum.
669 1319 758 1381 Viris
775 1316 938 1381 effundite
953 1325 1081 1381 vestris

209 1427 274 1512 (sic
291 1450 376 1512 opus
392 1429 477 1509 est);
503 1439 630 1512 aperite
647 1428 764 1493 domes
780 1449 818 1492 ac
835 1429 921 1492 mele
936 1437 1063 1492 remote

211 1542 404 1605 fleminibus
419 1551 537 1605 vestris
553 1548 641 1605 tetes
656 1541 821 1605 immittite
838 1541 1018 1603 habenis.”

214 1656 370 1718 Iusserat.
420 1655 468 1716 Hi
483 1654 624 1717 redeunt
639 1674 677 1717 ac
695 1654 843 1716 fontibus
858 1661 917 1715 ora
933 1653 1090 1722 relaxant.

213 1776 247 1829 et
263 1765 437 1829 defienete
453 1766 632 1829 volvuntur
647 1766 680 1827 in
697 1785 843 1847 aequora
859 1772 966 1828 cursu.

156 1906 191 1959 40
216 1880 295 1960 Ipse
310 1878 453 1942 tridente
470 1886 531 1941 sue
546 1888 669 1941 terram
686 1877 869 1959 percussit;
893 1886 927 1938 at
943 1877 999 1939 illa

214 1991 385 2054 intremuit
399 1998 558 2072 metsrque
575 1989 645 2053 vies
662 1989 823 2071 patefecit
838 1995 1008 2071 aquerum.

216 2103 412 2184 Exspatiata
427 2111 526 2165 ruunt
543 2122 603 2184 per
620 2109 753 2182 apertes
770 2100 905 2163 flemina
922 2108 1067 2182 campos,

214 2234 358 2296 cumque
374 2223 453 2277 satis
469 2214 605 2277 arbusta
621 2212 718 2276 simul
735 2213 945 2295 pecudesque
960 2212 1114 2294 viresque

213 2334 369 2408 tectaque
385 2346 526 2408 cumque
543 2335 611 2389 suis
628 2327 761 2407 rapiunt
778 2324 959 2406 penetralia
976 2334 1087 2387 sacris.

158 2462 193 2516 45
216 2438 253 2502 Si
268 2458 334 2520 qua
349 2438 467 2501 domus
483 2439 605 2501 mansit
622 2438 795 2520 potuitque
811 2436 964 2501 resistere
980 2445 1075 2499 tanto

214 2541 378 2605 indeiecta
394 2543 490 2618 male,
508 2542 639 2605 culmen
656 2552 768 2605 tamen
784 2540 880 2604 altior
896 2542 994 2602 huius

213 2652 305 2716 unda
320 2654 410 2735 tegit,
429 2673 631 2736 pressaeque
648 2652 753 2717 latent
768 2652 829 2716 sub
845 2652 977 2734 gurgite
992 2658 1108 2714 turres.

215 2767 355 2847 Iamque
370 2786 461 2829 mare
476 2775 511 2830 et
525 2766 623 2830 telles
639 2766 767 2828 nullum
784 2765 960 2828 discrimen
976 2764 1162 2840 habebant;
1189 2781 1269 2827 earth

213 2877 326 2941 omnia
339 2887 460 2958 pontus
472 2886 576 2941 erant.
623 2857 772 2941 Deerant
792 2896 922 2958 quoque
942 2876 1037 2938 litora
1049 2882 1161 2957 ponte.
1189 2855 1213 2902 ¹⁸

160 3013 192 3064 ⁵⁰
216 2989 371 3071 Occupat
387 2990 439 3053 hic
455 2990 592 3066 ⁰⁰llem3
617 2988 738 3053 cumbe
753 2987 848 3051 sedet
863 2988 945 3050 alter
962 2987 1091 3050 adunca
1190 2930 1338 2977 mmmm

213 3111 249 3165 et
264 3101 356 3166 ducit
371 3110 478 3166 remes
494 3101 559 3165 illic
575 3101 632 3165 ubi
647 3108 754 3183 nfrper
769 3107 887 3164 arerat.

130 3248 133 3252 ⁴
216 3213 278 3278 Ille
294 3221 395 3296 supre
411 3221 541 3295 segetes
557 3223 614 3277 aut
631 3233 758 3277 mersae
774 3212 918 3276 culmina
933 3211 1031 3276 villae

214 3327 427 3408 navigathic
444 3332 573 3389 summe
590 3325 716 3407 piscem
733 3324 909 3408 deprendit
927 3323 960 3386 in
978 3324 1077 3387 ulme.

217 3438 347 3520 Figitur
362 3438 396 3502 in
412 3438 517 3514 viridi,
536 3447 563 3500 si
578 3439 647 3500 fors
663 3437 746 3513 tulit,
764 3457 887 3500 ancora
903 3442 1007 3518 prate,

162 3568 192 3619 ss
216 3560 275 3613 aut
291 3550 438 3614 subiecta
453 3559 564 3613 terunt
580 3569 700 3613 curvae
716 3556 826 3611 vineta
842 3558 983 3611 carinae.

217 3662 262 3724 Et
278 3663 376 3725 modo
392 3669 458 3744 que
473 3661 614 3744 graciles
630 3668 767 3742 gremen
783 3668 938 3746 carpsere
954 3659 1111 3740 capellae,

215 3794 304 3837 nunc
320 3773 366 3837 ibi
382 3774 550 3836 deformes
567 3781 694 3855 penunt
711 3792 771 3835 sua
783 3791 923 3853 corpora
939 3772 1075 3853 phocae.
