2996 4368
310 319 379 388 160
456 351 459 356 ·
517 332 767 412 sELECT10Ns
797 332 915 388 FROM
945 330 1050 388 OVID

455 610 561 684 XLI.
596 609 935 682 ATALANTA’S
965 609 1106 680 RACE

349 806 505 870 Forsitan
521 807 663 870 audieris
680 807 824 889 aliquam
840 806 1021 870 certamine
1037 827 1153 870 cursus

303 919 427 983 velocis
444 939 620 1000 superasse
635 919 731 982 viros.
781 920 858 982 Non
875 919 989 982 fabula
1005 940 1117 982 rumor

304 1031 359 1097 ille
374 1031 438 1094 fuit
452 1028 648 1113 (superabat
664 1029 776 1115 enim),
794 1051 856 1094 nec
872 1031 981 1094 dicere
998 1020 1115 1113 posses

304 1143 402 1207 laude
418 1144 540 1224 pedum
558 1143 730 1206 formaene
746 1143 834 1206 bono
851 1145 1073 1225 praestantior
1088 1154 1184 1208 esset.

306 1255 446 1320 Scitanti
463 1257 546 1319 deus
563 1255 639 1317 huic
656 1256 697 1318 de
714 1250 864 1336 coniuge,
884 1261 902 1288 “
913 1257 1094 1337 Coniuge,’'
1113 1256 1202 1332 dixit,
1302 1281 1316 1333 5

307 1368 381 1430 “nil
397 1388 481 1450 opus
497 1378 556 1444 est,
574 1367 745 1444 Atalanta,
761 1367 829 1430 tibi.
870 1369 965 1449 Fuge
982 1368 1132 1449 coniugis
1149 1389 1254 1431 usum.

307 1480 379 1543 Nec
395 1490 507 1544 tamen
524 1481 677 1562 effugies
697 1489 796 1562 teque
812 1480 886 1562 ipsa
901 1481 977 1542 viva
993 1481 1153 1545 carebis.'’

306 1593 436 1656 Territa
452 1603 539 1657 sorte
556 1593 609 1656 dei
625 1614 685 1676 per
702 1614 824 1674 opacas
840 1593 965 1656 innuba
982 1594 1081 1656 silvas

304 1705 392 1781 vivit,
409 1714 443 1768 et
458 1706 637 1769 instantem
653 1706 785 1769 turbam
801 1705 947 1769 violenta
962 1726 1137 1788 procorum

304 1819 497 1881 condicione
514 1819 619 1899 fugat,
639 1819 738 1882 “Nec
756 1839 829 1881 sum
849 1819 1015 1900 potienda,
1027 1819 1122 1895 nisi,’'
1139 1818 1254 1901 inquit,
1286 1850 1317 1886 10

306 1929 421 1993 “victa
437 1930 528 2012 prius
546 1950 652 1993 cursu.
703 1930 846 1994 Pedibus
863 1931 1054 1995 contendite
1070 1951 1209 1994 mecum.

305 2041 454 2105 Praemia
470 2043 575 2106 veloci
592 2043 736 2106 coniunx
752 2044 956 2126 thalamique
973 2043 1148 2107 dabuntur.

305 2155 398 2218 Mors
415 2154 558 2235 pretium
574 2155 687 2217 tardis,
737 2155 788 2217 Ea
804 2156 856 2218 lex
872 2155 1061 2219 certaminis
1077 2155 1181 2219 est0.’'

348 2266 411 2329 Illa
432 2265 565 2348 quidem
586 2266 730 2343 immitis,
749 2269 807 2330 sed
827 2269 937 2350 (tanta
957 2267 1106 2350 potentia
1126 2269 1255 2331 formae

434 2377 500 2462 est)

303 2490 393 2554 venit
410 2492 452 2553 ad
468 2491 555 2554 hanc
571 2492 680 2573 legem
697 2493 872 2555 temeraria
889 2493 985 2555 turba
1001 2513 1187 2575 procorum.
1286 2526 1315 2578 15

111 2603 276 2661 ffirn⁰m0¹²⁶⁸
305 2603 445 2667 Sederat
462 2603 695 2685 Hippomenes
712 2624 829 2668 cursus
845 2614 1013 2687 spectator
1028 2605 1140 2687 iniqui,

111 2677 197 2723 mm
304 2725 338 2778 et
355 2714 508 2778 “Petitur
525 2715 680 2799 cuiquam
697 2735 758 2798 per
773 2726 867 2780 tanta
884 2717 1031 2799 pericula
1046 2717 1211 2780 coniunx?
1224 2717 1241 2742 ”

304 2828 440 2903 dixerat,
459 2847 497 2890 ac
514 2828 632 2890 nimios
651 2828 807 2892 iuvenum
824 2831 999 2893 damnarat
1015 2849 1152 2893 amores.

305 2940 353 3002 Ut
369 2939 488 3002 faciem
505 2949 539 3002 et
555 2940 662 3024 posito
678 2962 798 3023 corpus
814 2941 979 3007 velamine
995 2942 1076 3005 vidit

302 3048 416 3134 (quale
431 3071 543 3115 meum
558 3052 611 3116 vel
629 3054 726 3135 quale
742 3064 845 3131 tuum,
863 3055 891 3118 si
903 3054 1029 3118 femina
1045 3053 1129 3138 lias),
1283 3087 1316 3123 20

303 3160 474 3242 obstupuit
490 3162 675 3244 tollensque
691 3182 819 3238 manus,
838 3168 857 3195 “
868 3161 1069 3242 Ignoscite,'’
1087 3160 1176 3236 dixit,

305 3277 416 3356 “quos
432 3274 531 3338 modo
548 3274 688 3355 culpavi.
725 3273 883 3337 Nondum
903 3275 984 3336 mihi
1000 3273 1148 3357 praemia
1164 3281 1251 3349 nota,

343 3445 413 3495 XLI.
436 3461 459 3507 4.
477 3447 559 3496 bono
572 3464 577 3494 :
597 3447 715 3510 elegance.
749 3458 771 3510 5.
784 3445 919 3495 Scitanti
931 3445 970 3495 de
982 3445 1110 3507 coniuge
1123 3463 1128 3494 :
1147 3446 1253 3493 consult-

305 3529 442 3593 ingobout,¹
452 3536 511 3588 etc.;
527 3530 570 3577 the
582 3528 677 3577 second
694 3528 797 3592 coniuge
814 3528 834 3576 is
851 3529 899 3576 ahl.
917 3529 976 3576 with
995 3535 1061 3592 opus.
1110 3541 1134 3590 9.
1146 3540 1252 3588 proco·

304 3625 386 3661 mm:
405 3613 504 3661 suilors.
537 3623 572 3675 15.
590 3611 766 3660 temeraria:
783 3611 850 3660 rask.
887 3623 925 3658 20.
940 3623 1050 3660 meum:
1070 3610 1108 3658 i.e.
1121 3610 1150 3657 of
1159 3611 1253 3668 Venus,

304 3694 362 3743 who
373 3709 424 3742 was
437 3693 544 3756 relating
556 3693 599 3742 the
612 3697 834 3756 story.-tuum:
854 3693 892 3741 ie.
905 3693 935 3740 ol
949 3693 1052 3749 Adonis,
1065 3700 1091 3740 to
1106 3691 1189 3740 whom
1208 3692 1253 3739 she

304 3791 355 3825 was
366 3776 456 3837 telling
466 3776 492 3824 it.
586 3769 592 3786 ⁴
