2996 4368
441 303 658 361 DAEDALUS
688 303 777 360 AND
807 303 955 361 ICARUS
1127 297 1167 362 81

215 487 352 552 clausus
368 484 447 552 'erat
472 487 602 570 pelago,
658 489 809 551 “Terras
833 487 941 566 licet,”
967 487 1083 571 inquit,
1110 494 1172 553 “et

305 601 413 664 undas

216 713 379 789 obstruat,
396 722 431 775 at
446 712 575 776 caelum
591 723 680 777 certe
696 721 808 794 patet;
831 711 952 776 ibimus
968 712 1052 777 illac.

171 852 186 904 5
217 826 344 891 Omnia
361 826 540 907 possideat,
556 846 623 888 non
640 825 789 907 possidet
805 832 881 889 aera
899 825 1043 890 Minos.’'
1187 823 1314 872 Dfflfl·

219 939 320 1000 Dixit.
370 939 414 1002 Et
429 938 562 1020 ignotas
577 937 724 1000 animum
740 937 876 1002 dimittit
891 938 923 1000 in
941 937 1030 1014 artis,
1186 896 1303 1033 mapa

218 1042 439 1133 naturamque
455 1060 565 1114 novat.
614 1052 702 1113 Nam
719 1049 813 1132 ponit
829 1052 862 1113 in
879 1050 994 1114 ordine
1010 1071 1148 1132 pennas,

217 1185 238 1226 a
254 1163 391 1226 minima
406 1172 551 1244 coeptas,
568 1162 703 1244 longam
719 1161 868 1225 breviore
884 1165 1046 1245 sequenti,

217 1285 255 1340 ut
272 1275 356 1339 clivo
373 1275 517 1338 crevisse
534 1284 639 1356 putes.
689 1273 743 1339 Sic
759 1273 882 1337 rustica
898 1275 1066 1357 quondam

155 1418 189 1454 10
218 1387 330 1451 fistula
346 1387 534 1468 disparibus
551 1386 711 1468 paulatim
727 1387 835 1467 surgit
851 1387 973 1450 avenis

219 1502 307 1565 Tum
323 1500 391 1563 lino
407 1499 533 1563 medias
549 1508 583 1562 et
598 1501 682 1562 ceris
698 1498 823 1579 adligat
838 1498 931 1574 imas,

219 1621 322 1694 atque
337 1612 385 1674 ita
400 1612 601 1693 compositas
617 1631 721 1693 parvo
738 1610 928 1674 curvamine
945 1609 1057 1686 flectit,

220 1734 259 1787 ut
273 1744 369 1787 veras
386 1723 531 1787 imitetur
546 1722 625 1786 avis.
674 1722 759 1786 Puer
776 1723 890 1785 Icarus
906 1742 973 1785 una

220 1836 331 1900 stabat
346 1846 388 1912 et,
406 1835 542 1917 ignarus
559 1856 619 1898 sua
635 1855 671 1898 se
687 1843 829 1898 tractare
846 1835 979 1917 pericla,

160 1984 192 2037 ¹5
220 1969 278 2012 ore
293 1947 460 2039 renidenti
474 1947 573 2010 modo
589 1967 672 2029 quas
688 1967 775 2028 vaga
791 1956 939 2010 moverat
954 1967 1036 2010 aura

221 2061 380 2142 captabat
396 2060 537 2142 plumaS,
554 2058 674 2122 flavam
691 2059 790 2122 modo
806 2058 925 2141 pollice
942 2079 1052 2122 ceram

221 2172 379 2248 mollibat,
396 2172 537 2255 lusuque
554 2192 613 2234 suo
630 2170 778 2235 mirabile
795 2171 898 2254 patris

222 2284 426 2368 impediebat
444 2305 538 2366 opus.
587 2284 767 2366 Postquam
786 2303 904 2346 manus
923 2283 1038 2347 ultima
1053 2292 1172 2364 coepto

221 2397 379 2479 imposita
394 2407 454 2473 est,
472 2395 624 2478 geminas
639 2395 752 2479 opifex
768 2395 899 2459 libravit
914 2397 948 2458 in
961 2396 1032 2459 alas

160 2544 195 2579 20
222 2509 294 2591 ipse
311 2529 406 2572 suum
424 2529 555 2592 corpus,
573 2518 729 2590 motaque
745 2507 905 2590 pependit
920 2507 953 2570 in
970 2528 1059 2570 aura.

267 2621 406 2685 Instruit
417 2629 451 2684 et
463 2630 587 2696 natum,
600 2625 618 2653 “
630 2619 744 2683 Medio
754 2621 771 2644 ”
785 2640 850 2702 que
864 2624 881 2651 “
890 2628 926 2682 ut
937 2619 1040 2683 limite
1050 2639 1172 2694 curras,
1190 2631 1227 2678 no

224 2734 351 2810 Icare,'’
369 2733 424 2809 ait,
442 2737 601 2809 “moneo,
618 2752 670 2808 ne,
688 2733 715 2795 si
732 2731 904 2795 demissior
919 2731 991 2807 ibis,
1191 2717 1277 2827 m:

222 2845 314 2908 unda
330 2855 446 2926 gravet
462 2865 611 2928 pennas;
637 2846 664 2907 si
680 2844 807 2921 celsior,
825 2843 912 2926 ignis
929 2844 1055 2907 adurat.

226 2960 511 3040 Interutrumque
526 2958 611 3020 vola.
660 2957 731 3020 Nec
748 2966 781 3020 te
798 2965 949 3038 spectare
967 2957 1095 3019 Booten

163 3105 196 3157 ²5
224 3079 283 3133 aut
300 3065 444 3134 Helicen
459 3069 556 3134 iubeo
573 3069 788 3151 strictumque
808 3067 942 3132 Orionis
958 3088 1082 3131 ensem.

228 3183 286 3245 Me
302 3184 386 3246 duce
402 3202 502 3264 carpe
518 3181 637 3245 viam.”
685 3180 810 3243 Pariter
826 3189 1006 3262 praecepta
1022 3179 1157 3242 volandi

226 3294 325 3357 tradit
341 3304 375 3358 et
392 3294 522 3376 ignotas
538 3293 660 3358 umeris
678 3292 905 3356 accommodat
921 3291 999 3354 alas.

231 3407 322 3470 Inter
337 3426 422 3488 opus
438 3406 647 3488 monitusque
664 3426 771 3486 genae
789 3405 944 3467 maduere
962 3403 1082 3466 seniles

229 3527 263 3581 et
278 3520 404 3601 patriae
417 3528 581 3581 tremuere
598 3538 726 3580 manus.
775 3516 877 3580 Dedit
894 3515 1007 3579 oscula
1023 3526 1102 3578 nato

169 3661 203 3714 30
231 3651 297 3694 non
312 3633 430 3694 iterum
446 3630 628 3712 repetenda
645 3650 713 3692 suo.
762 3628 949 3709 Pennisque
966 3628 1095 3691 levatus
1196 3637 1269 3697 They

232 3752 307 3806 ante
323 3743 413 3805 volat
429 3743 606 3825 comitique
623 3742 724 3817 timet,
742 3741 832 3803 velut
849 3741 918 3802 ales
934 3739 977 3802 ab
993 3741 1060 3804 alto
1196 3710 1234 3770 fil

395 3859 412 3892 G
