2948 4368
326 305 373 395 46
538 316 788 374 sanncrrons
817 316 934 375 anon
966 317 1070 375 ovn)

326 502 475 583 tegmina
491 522 567 563 mox
582 500 728 582 capitum
746 501 836 582 picto
852 501 1004 565 nutantia
1019 522 1103 564 cono
1117 522 1124 577 ;

326 634 403 677 mox
419 613 524 677 umeri
539 623 723 695 pectusque
739 623 943 695 onerataque
959 613 1115 677 bracchia
1130 614 1205 678 telis

325 727 498 801 exsistunt,
516 725 700 808 crescitque
717 745 815 808 seges
831 725 975 808 clipeata
991 727 1143 789 virorum.
1295 742 1343 778 110

327 839 382 903 Sic
398 838 455 901 ubi
469 838 631 901 tolluntur
646 838 743 901 festis
759 837 877 901 aulaea
893 838 1042 914 theatris,

327 971 464 1032 surgere
480 951 577 1032 signa
589 950 698 1013 solent
713 950 923 1033 primumque
939 951 1115 1014 ostendere
1130 950 1251 1026 vultus

326 1073 437 1127 cetera
453 1063 623 1143 paulatim,
641 1062 839 1144 placidoque
856 1063 977 1126 educta
992 1072 1108 1127 tenore

325 1184 395 1239 tota
411 1184 528 1257 patent
543 1176 676 1257 imoque
693 1174 796 1255 pedes
812 1174 846 1236 in
863 1176 1013 1257 margine
1028 1185 1167 1257 ponunt.

325 1288 476 1351 Territus
492 1288 587 1350 hoste
604 1307 690 1350 novo
708 1287 855 1350 Cadmus
872 1307 993 1369 capere
1010 1307 1102 1349 arma
1119 1287 1268 1368 parabat.
1294 1295 1343 1348 ῙῙ5

327 1400 412 1463 “Ne
428 1400 542 1481 cape,”
561 1399 602 1462 de
619 1400 745 1480 populo
762 1418 861 1481 quem
879 1407 967 1462 terra
982 1409 1154 1463 creaverat
1169 1420 1257 1463 unus

326 1511 499 1585 exclamat,
520 1516 608 1574 “nee
627 1519 660 1573 te
678 1509 830 1574 civilibus
847 1510 956 1574 insere
973 1510 1100 1574 bellis.''

369 1624 484 1705 Atque
500 1623 546 1685 ita
561 1622 738 1703 terrigenis
754 1622 862 1704 rigido
878 1622 919 1685 de
936 1623 1095 1687 fratribus
1111 1643 1213 1686 unum

326 1736 511 1799 comminus
527 1754 607 1797 ense
623 1734 719 1810 ferit3
744 1735 851 1797 iaculo
867 1735 957 1798 cadit
972 1735 1102 1798 eminus
1117 1737 1199 1816 ipse.

328 1848 394 1910 Hic
411 1867 543 1929 quoque
559 1846 616 1928 qui
632 1847 698 1909 leto
715 1847 854 1909 dederat
870 1867 937 1910 non
954 1847 1085 1928 longius
1101 1847 1157 1910 illo
1293 1867 1342 1903 120

326 1959 414 2036 vivit,
432 1968 466 2022 et
481 1958 626 2040 exspirat
643 1958 742 2021 modo
760 1978 843 2041 quas
861 1968 1037 2041 acceperat
1055 1979 1161 2022 auras.

327 2071 556 2153 Exemploque
573 2070 645 2151 pari
661 2070 743 2133 furit
759 2072 867 2133 omnis
883 2070 989 2146 turba,
1007 2092 1134 2155 suoque

327 2185 436 2246 Marte
452 2183 575 2246 cadunt
592 2182 691 2245 subiti
708 2203 768 2264 per
784 2192 900 2245 mutua
912 2183 1050 2260 vulnera
1065 2184 1194 2247 fratres

326 2297 465 2377 Iamque
480 2295 590 2358 brevis
606 2294 694 2358 vitae
711 2294 855 2376 spatium
872 2296 987 2358 sortita
1003 2295 1158 2359 iuventus

324 2407 508 2489 sanguineo
524 2407 672 2488 tepidam
688 2407 872 2488 plangebat
887 2416 1022 2488 pectore
1037 2417 1187 2483 matrem,
1294 2437 1341 2487 125

324 2519 470 2601 quinque
486 2518 729 2600 superstitibus.
778 2519 929 2601 Quorum
951 2519 1015 2582 fuit
1030 2540 1116 2582 unus
1135 2520 1276 2584 Echion.

325 2633 360 2695 Is
376 2652 436 2694 sua
451 2631 527 2695 iecit
542 2632 644 2694 humo
660 2632 788 2693 monitu
805 2631 986 2694 Tritonidis
1002 2651 1094 2694 arma

323 2744 557 2827 fraternaeque
573 2744 673 2806 fidem
690 2743 783 2824 pacis
799 2743 961 2824 petiitque
977 2743 1143 2827 deditque.

325 2856 399 2918 Hos
415 2856 524 2936 operis
540 2857 678 2918 comites
695 2854 811 2917 habuit
828 2853 986 2918 Sidonius
1002 2856 1135 2936 hospeS,

323 2988 398 3030 cum
416 2969 526 3048 posuit
540 2969 664 3029 iussam
683 2965 845 3030 Phoebeis
864 2966 1008 3029 sortibus
1024 2966 1150 3031 urbem.
1293 2999 1339 3050 130

368 3081 440 3142 Iam
457 3078 591 3142 stabant
603 3078 755 3154 Thebae;
783 3087 917 3159 poteras
930 3079 1005 3153 iam,
1020 3079 1156 3156 Cadme,
1171 3080 1278 3144 videri

323 3191 436 3255 exsilio
452 3191 540 3254 felix.
589 3191 702 3255 Soceri
718 3190 778 3254 tibi
796 3191 955 3274 Marsque
972 3192 1155 3274 Venusque

323 3305 551 3384 contigerant;
576 3304 641 3366 huc
657 3303 743 3366 adde
759 3323 867 3384 genus
883 3303 926 3366 de
942 3305 1084 3385 coniuge
1100 3313 1205 3381 tanta,

323 3425 373 3478 tot
388 3425 484 3478 natos
499 3424 661 3498 natasque
678 3425 712 3478 et
727 3417 869 3497 pignora
885 3435 962 3479 cara
978 3426 1128 3498 nepotes,

323 3528 385 3590 hos
397 3547 528 3609 quoque
541 3528 606 3589 iam
618 3528 763 3590 iuvenes.
797 3525 863 3589 Sed
877 3525 1003 3589 scilicet
1014 3525 1130 3590 ultima
1142 3547 1276 3611 semper
1292 3550 1337 3602 135

323 3639 547 3721 exspectanda
563 3638 633 3700 dies
651 3638 785 3711 homini,
802 3636 932 3720 dicique
948 3636 1066 3701 beatus

324 3760 400 3814 ante
416 3749 541 3812 obitum
557 3768 656 3812 nemo
673 3768 895 3831 supremaque
911 3750 1031 3813 funera
1047 3749 1156 3816 debet
