2972 4358
558 369 834 428 rrrunoouns
1100 378 1166 449 177

261 556 280 583 ‘⁴
288 553 331 614 Et
340 553 496 634 quoniam
505 573 628 633 magno
635 553 725 616 feror
732 553 1167 635 aequoreplenaqueventis
1185 553 1238 638 Tre

215 664 291 727 vela
307 664 402 727 dedi:
427 665 507 726 nihil
523 673 574 727 est
589 674 660 727 toto
673 664 761 747 quod
778 674 904 746 perstet
921 665 954 727 in
971 664 1059 727 orbe.
1184 627 1273 748 {5th

218 778 349 841 Cuncta
364 776 480 852 fluunt,
498 777 670 859 omnisque
683 797 812 858 vagans
829 778 992 839 formatur
1007 778 1128 858 imago.
1184 775 1256 822 rimo

157 917 189 967 50
218 889 300 969 Ipsa
316 909 448 970 quoque
464 889 603 952 adsiduo
619 889 776 952 labuntur
792 898 942 971 tempora
959 898 1050 952 motu

217 1021 286 1063 non
297 1020 392 1064 secus
403 1021 440 1063 ac
452 1001 584 1064 flumen.
621 1002 834 1084 Nequeenim
843 1003 1023 1064 consistere
1033 1002 1166 1077 flumen,
1272 1021 1283 1036 ·

217 1133 280 1175 nec
297 1112 377 1175 levis
394 1115 475 1176 hora
491 1123 618 1196 potest;
644 1114 702 1177 sed
718 1123 754 1176 ut
770 1114 860 1177 unda
876 1114 1056 1194 impellitur
1068 1113 1166 1189 unda,

218 1234 421 1307 urgeturque
438 1226 554 1288 eadem
571 1227 726 1289 veniente
742 1236 905 1308 urgetque
922 1227 1075 1308 priorem,

217 1339 370 1419 tempora
386 1339 433 1400 sic
451 1338 585 1419 lugiunt
602 1339 723 1419 pariter
741 1340 930 1420 pariterque
948 1347 1141 1419 sequuntur,

159 1473 190 1525 55
218 1459 252 1512 et
265 1470 351 1512 nova
364 1459 442 1512 sunt
457 1469 598 1532 semper.
644 1451 731 1512 Nam
745 1451 834 1532 quod
851 1451 914 1512 fuit
930 1458 1008 1512 ante
1020 1450 1169 1512 relictum

307 1572 367 1636 est,

219 1675 322 1756 litque
360 1675 449 1756 quod
487 1675 576 1736 haud
619 1675 737 1750 luerat,
777 1685 1012 1756 momentaque
1051 1683 1171 1736 cuncta

307 1795 480 1848 novantur.

265 1897 412 1961 “Cernis
425 1908 458 1960 et
471 1918 624 1961 emensas
641 1899 673 1960 in
691 1899 799 1961 lucem
814 1899 952 1961 tendere
969 1898 1084 1972 noctis,
1188 1919 1269 1979 night

220 2019 254 2073 et
269 2009 364 2072 iubar
380 2010 442 2072 hoc
459 2010 599 2072 nitidum
616 2011 730 2090 nigrae
747 2010 925 2073 succedere
941 2011 1038 2072 nocti.
1188 1993 1287 2127 ‘gfff'

222 2123 295 2184 Nec
312 2121 402 2184 color
419 2132 470 2184 est
486 2122 573 2184 idern
590 2123 682 2185 caelo
699 2143 773 2184 cum
791 2123 879 2185 lassa
896 2123 1005 2203 quiete
1189 2143 1238 2187 ano

159 2247 192 2295 60
221 2243 342 2296 cuncta
358 2233 467 2296 iacent
482 2234 599 2309 media,
617 2254 759 2316 cumque
774 2234 849 2297 albo
868 2235 1004 2297 Lucifer
1019 2234 1085 2295 exit
1189 2217 1271 2349 gssgyht

221 2345 330 2408 clarus
346 2365 451 2427 equo;
476 2366 656 2427 rursusque
673 2347 766 2422 aliua,
784 2366 859 2409 curn
873 2346 1008 2426 praevia
1024 2345 1106 2427 lucis

220 2458 420 2520 tradendum
439 2458 574 2521 Phoebo
592 2459 771 2521 Pallantias
787 2459 889 2519 inficit
906 2457 1027 2520 orbern.

223 2570 301 2650 lpse
317 2570 371 2632 dei
386 2569 512 2650 clipeus
528 2579 615 2632 terra
631 2591 706 2632 cum
724 2570 848 2632 tollitur
864 2571 939 2644 ima,

221 2701 320 2744 mane
336 2682 441 2757 rubet,
458 2692 612 2763 terraque
628 2683 724 2745 rubet
740 2702 815 2744 curn
832 2682 984 2743 conditur
999 2681 1084 2754 ima;

162 2804 193 2869 65
222 2793 384 2856 candidus
400 2793 433 2855 in
450 2815 579 2857 summo
592 2804 651 2870 est,
669 2794 784 2857 melior
801 2803 918 2856 natura
935 2793 1022 2874 quod
1038 2791 1103 2853 illic

223 2905 367 2968 aetheris
383 2915 434 2968 est
450 2915 622 2988 terraeque
639 2907 753 2987 procul
770 2906 924 2985 contagia
940 2905 1036 2984 fugit.

225 3018 296 3080 Nec
314 3038 374 3100 par
389 3027 446 3080 aut
461 3017 578 3081 eadem
596 3027 777 3080 nocturnae
793 3017 901 3079 forma
920 3017 1049 3078 Dianae

222 3138 589 3212 essepotestumquam.
619 3129 1173 3211 Semperquchodiernasequente,

223 3243 250 3304 si
267 3242 394 3317 crescit,
408 3241 516 3305 minor
531 3251 581 3305 est
590 3261 597 3317 ;
622 3243 733 3317 maior,
748 3242 776 3303 si
792 3241 956 3304 contrahit
972 3240 1117 3303 orbem.’'

264 3435 303 3488 57.
321 3435 472 3473 emensas:
487 3425 596 3487 passing
604 3421 644 3485 by.'
675 3421 714 3488 58.
731 3423 832 3471 iubar:
853 3421 1172 3470 radiorum—nitidum:

222 3506 335 3570 shining.
375 3506 414 3554 61.
438 3506 574 3567 praevia:
604 3506 699 3553 herald.
746 3506 785 3553 62.
814 3505 992 3553 Pallantias:
1020 3506 1175 3552 Aurora.-

223 3588 333 3638 tnfloit:
352 3589 421 3637 tints.
456 3588 495 3649 63.
513 3588 577 3637 dei:
597 3589 695 3644 Phoebi,
715 3589 785 3636 Solis.
820 3587 859 3647 64.
882 3599 983 3635 mane:
1005 3587 1034 3634 in
1051 3587 1089 3633 tlte
1106 3587 1176 3647 early

224 3672 352 3734 morning.
395 3671 435 3735 65.
453 3670 572 3719 meliert
587 3677 678 3732 parer.
719 3670 759 3733 67.
776 3669 905 3718 Dianae:
929 3670 1026 3716 Lunae.
1069 3668 1108 3715 68.
1126 3668 1175 3716 ho·

224 3753 343 3802 diuma:
362 3753 465 3815 to-dqu’s
479 3752 588 3814 (moon).

390 3922 408 3957 N
