2948 4368
307 335 357 404 34
511 324 762 384 SELECTIONS
791 323 909 382 FROM
940 323 1044 381 OVID

307 507 373 570 iam
391 508 541 590 Meropis
557 509 623 572 dici
638 509 775 590 cupiens
790 511 837 571 ita
853 511 960 571 fertur
975 517 1011 570 ut
1027 514 1101 570 acta

307 620 482 703 praecipiti
498 631 596 702 pinus
612 621 721 696 borea,
738 621 792 684 cui
807 624 893 683 victa
909 620 1034 683 remisit

307 733 404 796 frena
420 754 500 796 suus
515 741 633 809 rector,
650 753 750 816 quam
766 734 817 796 dis
832 741 983 816 votisque
999 731 1138 814 reliquit.
1274 732 1321 798 ¹85

308 845 398 927 Quid
415 845 540 909 iaciat?
589 846 734 909 Multum
751 846 835 908 caeli
850 854 926 927 post
942 854 1037 926 terga
1053 844 1214 919 relictum,

308 967 385 1021 ante
402 958 515 1021 oculos
531 957 608 1040 plus
624 967 684 1021 est.
731 957 857 1020 Animo
872 964 1005 1019 mittitur
1020 966 1215 1038 utrumque;

308 1078 342 1133 et
357 1070 465 1146 modo,
482 1078 566 1152 quos
582 1069 629 1133 illi
643 1069 750 1132 iatum
767 1068 961 1150 contingere
977 1076 1043 1131 non
1060 1077 1120 1144 est,

309 1182 469 1264 prospicit
484 1189 633 1258 occisus,
650 1181 817 1245 interdum
833 1180 968 1263 respicit
984 1187 1084 1243 ortus.

310 1293 467 1376 Quidque
483 1304 561 1375 agat
577 1300 714 1376 ignarus
731 1302 845 1375 stupet
860 1302 894 1356 et
910 1312 972 1356 nec
988 1293 1084 1354 frena
1100 1291 1245 1368 remittit,
1277 1317 1323 1367 190

309 1426 371 1469 nec
387 1405 528 1470 retinere
544 1406 650 1483 valet;
675 1425 738 1469 nec
755 1405 890 1468 nomina
906 1405 998 1467 novit
1013 1412 1182 1486 equorum.

311 1517 436 1599 Sparsa
451 1539 584 1602 quoque
599 1520 632 1581 in
650 1518 743 1581 vario
757 1517 882 1600 passim
899 1518 1058 1580 miraicula
1073 1516 1166 1580 caelo

309 1637 544 1713 vastarumque
560 1630 650 1694 videt
664 1631 815 1712 trepidus
832 1631 1009 1693 simulacra
1017 1621 1179 1692 ferarum.

311 1743 372 1805 Est
387 1744 489 1819 locus,
507 1742 540 1805 in
557 1743 708 1825 geminos
724 1742 781 1806 ubi
795 1743 950 1806 bracchia
966 1751 1128 1805 concavat
1143 1747 1240 1804 arctis

309 1854 477 1936 Scorpius,
495 1865 528 1918 et
544 1856 650 1919 cauda
666 1855 826 1937 flexisque
842 1856 1007 1936 utrimque
1024 1855 1154 1916 lacertis
1276 1868 1323 1921 Ι95

309 1965 448 2048 porrigit
464 1966 497 2028 in
515 1969 659 2048 spatium
676 1976 845 2050 signorum
863 1966 1013 2030 membra
1029 1966 1179 2028 duorum.

311 2079 413 2141 Hunc
428 2098 511 2161 puer
527 2089 563 2142 ut
579 2079 666 2161 nigri
681 2079 851 2143 madidum
868 2079 989 2142 stidore
1005 2086 1126 2142 veneni

308 2191 446 2253 vulnera
461 2197 597 2253 curvati
613 2191 821 2254 minitantem
838 2192 976 2273 cuspide
991 2191 1083 2267 vidit,

308 2302 430 2365 mentis
446 2302 543 2384 inops
560 2302 670 2383 gelidai
686 2303 866 2367 formidine
881 2303 952 2366 lora
968 2312 1102 2366 remisit.

350 2413 446 2495 Quae
458 2422 634 2496 postquam
645 2435 811 2477 summum
822 2414 962 2496 tetigere
971 2414 1113 2478 iacentia
1119 2423 1260 2496 tergum,
1274 2441 1323 2478 200

308 2526 536 2607 exspatiantur
552 2536 638 2609 equi,
655 2527 814 2608 nulloque
830 2526 1001 2590 inhibente
1018 2547 1078 2608 per
1094 2533 1191 2589 auris

306 2646 442 2719 ignotae
457 2638 602 2719 regionis
618 2647 716 2715 eunt;
737 2645 869 2721 quique
884 2638 1029 2720 impetus
1046 2637 1123 2720 egit,

200 2793 210 2806 ,
309 2750 371 2812 haic
389 2751 460 2813 sine
476 2751 550 2830 lege
566 2759 666 2812 ruunt
682 2749 816 2832 altoque
833 2750 894 2813 sub
911 2751 1045 2814 aethere
1062 2751 1137 2812 iixis

308 2861 479 2925 incursant
496 2863 600 2925 stellis
616 2863 816 2944 rapiuntque
832 2882 893 2945 per
907 2863 982 2925 avia
998 2882 1129 2925 currum
1143 2883 1150 2937 ;

308 2982 343 3036 et
357 2973 455 3037 modo
472 2993 602 3036 summa
617 2983 746 3056 petunt,
764 2975 862 3038 modo
878 2994 938 3055 per
953 2975 1079 3038 declive
1095 2976 1232 3056 viasque
1274 2993 1322 3046 205

308 3085 500 3167 praecipitis
517 3085 626 3168 spatio
641 3095 749 3150 terrae
765 3086 920 3169 propiore
936 3088 1108 3162 feruntur3

307 3197 513 3279 inferiusque
530 3207 597 3262 suis
613 3199 780 3264 fraternos
796 3219 928 3262 currere
947 3199 1044 3261 Lima

308 3309 489 3372 admiratur
504 3319 617 3392 equos,
634 3310 856 3393 ambustaque
872 3310 986 3374 nubila
1003 3312 1143 3374 fumant.

309 3420 494 3502 Corripitur
508 3421 660 3498 flammis,
678 3432 715 3485 ut
730 3442 883 3504 quaeque
899 3422 1068 3498 altissima,
1086 3421 1193 3497 tellim

308 3533 452 3614 fissaque
469 3534 539 3615 agit
554 3541 654 3597 rimis
671 3544 704 3597 et
720 3542 809 3598 sucis
825 3542 897 3597 aret
912 3535 1087 3617 ademptis.
1275 3557 1323 3593 210

309 3644 433 3707 Pabula
449 3652 640 3721 canescunt,
658 3666 733 3709 cum
750 3647 931 3709 frondibus
942 3647 1047 3710 uritur
1063 3647 1169 3722 arbor,

308 3757 547 3838 materiamque
564 3766 624 3821 suo
640 3758 778 3840 praebet
794 3778 891 3840 seges
907 3758 1000 3821 arida
1015 3759 1146 3821 damno.
