2996 4368
508 285 896 343 nmmum
1113 292 1180 366 ηρ

171 489 203 535 4ο
274 466 382 530 nescit
397 466 452 548 agi
467 467 583 543 ventis,
602 467 707 531 nescit
722 467 841 531 adesse
857 487 983 532 necem.

231 578 262 642 Ο
279 578 374 654 bene,
389 578 477 661 quod
493 599 559 641 non
577 599 649 642 sum
667 599 796 642 mecum
810 579 1035 644 conscendere
1047 557 1180 662 passus,

274 711 317 753 ne
333 691 414 752 mihi
429 690 480 753 bis
496 691 616 754 misero
632 711 721 754 mors
738 691 896 774 patienda
911 692 1008 756 foret.

231 803 280 865 At
296 822 384 866 nunc
400 811 437 865 ut
452 822 595 885 peream,
613 803 769 886 quoniam
785 813 876 868 caret
892 803 965 886 ipsa
981 803 1114 886 periclo,

275 913 411 977 dimidia
427 923 515 978 certe
532 924 626 996 parte
642 925 812 998 superstes
828 935 893 980 ero.

169 1047 202 1100 45
232 1027 274 1090 Ei
290 1025 379 1103 mihi,
393 1047 492 1110 quarn
509 1027 607 1091 celeri
624 1029 810 1093 micuerunt
826 1028 939 1092 nubila
955 1028 1107 1092 flamma!

277 1137 431 1221 Quantus
447 1139 489 1202 ab
505 1140 653 1203 aetherio
669 1151 828 1222 personat
842 1160 904 1205 axe
920 1141 1051 1223 fragor!

232 1251 306 1316 Nec
323 1251 461 1314 laterum
478 1251 583 1315 levius
598 1252 732 1316 tabulae
747 1253 912 1317 feriuntur
927 1254 969 1316 ab
985 1253 1076 1316 unda

275 1383 376 1446 quam
392 1383 493 1446 grave
509 1364 660 1428 ballistae
676 1365 808 1428 moenia
823 1365 935 1447 pulsat
949 1385 1042 1429 onus.

232 1475 301 1557 Qui
316 1477 408 1540 venit
423 1476 477 1541 hic
492 1476 623 1552 fluctus,
641 1476 760 1540 fluctus
777 1479 1003 1559 supereminet
1018 1479 1145 1555 omnis;

172 1607 205 1658 50
276 1589 440 1669 posterior
456 1609 544 1652 nono
560 1598 612 1653 est
627 1588 869 1672 undecimoque
886 1590 983 1670 prior.

234 1701 307 1763 Nec
323 1701 425 1764 letum
441 1701 558 1777 timeo;
583 1721 690 1783 genus
705 1711 758 1765 est
773 1700 959 1764 miserabile
975 1701 1040 1764 leti.

277 1812 410 1876 Demite
426 1813 649 1896 naufragium,
667 1833 756 1877 mors
773 1813 853 1876 mihi
869 1833 989 1876 munus
1005 1814 1075 1876 erit.

234 1925 297 1987 Est
312 1925 435 2008 aliquid
451 1926 566 1990 fatove
582 1945 643 1989 suo
658 1926 789 1990 ferrove
805 1925 979 1988 cadentem

277 2036 310 2098 in
327 2038 432 2120 solida
448 2039 592 2101 moriens
608 2057 733 2118 ponere
749 2058 869 2119 corpus
885 2038 996 2112 humo,

174 2165 204 2218 55
232 2159 267 2212 et
282 2149 441 2214 mandare
457 2151 526 2212 suis
543 2150 653 2232 aliqua
668 2159 703 2214 et
718 2169 853 2231 sperare
869 2149 1059 2230 sepulcrum

276 2271 310 2325 et
324 2243 392 2324 non
409 2261 582 2345 aequoreis
598 2261 744 2343 piscibus
760 2281 834 2324 esse
849 2261 968 2324 cibum.

235 2373 368 2454 Fingite
384 2393 437 2436 me
454 2374 592 2456 dignum
609 2374 667 2437 tali
683 2393 774 2449 nece,
792 2394 859 2436 non
875 2393 939 2454 ego
956 2373 1046 2435 solus

277 2484 331 2548 hic
346 2487 457 2549 vehor.
508 2487 697 2549 Immeritos
713 2505 772 2549 cur
788 2505 862 2547 mea
878 2504 987 2566 poena
1002 2482 1125 2547 trahit?

235 2597 298 2659 Pro
314 2597 427 2678 superi
441 2597 630 2681 viridesque
646 2597 708 2673 dei,
726 2597 845 2680 quibus
861 2615 1006 2679 aequora
1022 2614 1130 2671 curae,

173 2717 206 2768 60
277 2718 417 2792 utraque
433 2709 499 2773 iam
515 2719 643 2780 vestras
659 2709 764 2773 sistite
779 2708 877 2771 turba
894 2709 1019 2783 minas;

233 2841 400 2904 quamque
416 2821 508 2885 dedit
522 2821 624 2885 vitam
640 2821 814 2884 mitissima
830 2819 982 2884 Caesaris
998 2820 1055 2895 ira,

277 2934 364 2996 hanc
380 2933 478 2998 sinite
494 2933 608 2997 infelix
624 2933 666 2996 ad
682 2933 756 2996 loca
770 2933 861 2995 iussa
877 2932 993 2994 feram.

234 3045 280 3120 Si,
297 3065 396 3128 quam
413 3045 602 3122 commerui,
621 3064 763 3128 poenam
780 3065 832 3107 me
848 3041 995 3125 pendere
1011 3041 1119 3114 vultis,

278 3157 377 3238 culpa
392 3177 466 3221 mea
482 3167 533 3222 est
548 3159 623 3238 ipso
638 3157 746 3220 iudice
762 3165 867 3219 morte
884 3156 999 3218 minor.

173 3275 206 3342 65
235 3269 371 3332 Mittere
388 3289 440 3332 me
458 3269 593 3354 Stygias
609 3269 637 3332 si
652 3268 717 3331 iam
734 3268 891 3331 voluisset
907 3266 949 3329 ad
966 3265 1073 3328 undas

278 3381 411 3456 Caesar,
429 3380 462 3443 in
478 3382 542 3445 hoc
557 3390 668 3444 vestra
683 3400 750 3443 non
766 3381 913 3462 eguisset
929 3397 1002 3460 ope.
