2996 4368
349 336 418 387 100
548 332 800 391 SELECTIONS
830 335 947 393 FROM
979 337 1083 395 OVID

345 511 423 575 Non
454 513 534 576 satis
566 515 627 579 hoc
660 505 795 580 Phoebo
825 527 876 581 est
903 516 947 598 <is
974 521 1062 583 enim
1089 519 1151 585 fuit
1178 532 1294 586 auctor

429 625 587 711 honoris).

342 739 422 821 Ipse
438 758 516 801 suos
532 741 675 820 gemitus
692 741 779 804 foliis
789 741 950 820 inscribit,
968 754 1002 808 et
1018 745 1069 808 ΑΙ
1088 745 1139 808 ΑΙ

340 850 407 914 flos
418 851 519 915 habet
535 851 740 935 inscriptum,
759 854 958 937 funestaque
975 855 1083 919 littera
1099 856 1199 921 ducta
1215 869 1274 922 est.
1320 872 1350 928 55

341 964 413 1028 Nec
430 966 585 1046 genuisse
604 966 706 1046 pudet
719 965 862 1047 Sparten
877 967 1103 1052 Hyacinthon,
1118 970 1291 1056 honorque

338 1075 435 1139 durat
451 1077 485 1138 in
497 1077 564 1140 hoc.
577 1077 659 1154 aevi,
674 1077 938 1160 celebrandaque
954 1099 1045 1143 more
1061 1082 1220 1162 priorum
1328 1089 1330 1092 ’

337 1207 449 1252 annua
465 1190 614 1270 praelata
630 1190 770 1254 redeunt
788 1190 993 1275 Hyacinthia
1009 1213 1141 1276 pompa.

744 1419 881 1446 -000—

587 1584 674 1654 XX.
715 1585 1035 1662 LAOMEDON

379 1750 481 1816 Ultus
497 1749 566 1814 abit
580 1751 700 1814 Tmolo
718 1752 945 1838 liquidumque
962 1779 1021 1839 per
1037 1767 1114 1824 ae'ra
1129 1761 1259 1828 vectus*
1314 1832 1319 1842 ,

245 1837 249 1858 ³
334 1871 512 1943 angustum
529 1861 611 1926 citra
628 1874 766 1945 pontum
788 1868 1014 1949 Nepheletdos
1032 1873 1149 1937 Helles

336 1974 594 2038 Laomedonteis
612 1976 750 2040 Latoius
768 1979 871 2043 astitit
887 1982 983 2045 arvis.

335 2086 482 2149 Dextera
499 2086 599 2169 Sigei,
621 2088 763 2152 Rhoetei
781 2091 875 2154 laeva
891 2095 1050 2175 profundi

332 2217 389 2260 ara
406 2199 640 2280 Panomphaeo
656 2210 753 2264 vetus
772 2213 823 2266 est
839 2215 968 2270 sacrata
983 2209 1138 2275 Tonanti.
1328 2227 1342 2281 5

335 2309 418 2373 Inde
434 2331 541 2375 novae
557 2312 699 2394 primum
718 2317 825 2379 moliri
841 2309 971 2384 moenia
987 2323 1108 2388 Troiae

333 2423 563 2487 Laomedonta
580 2425 679 2501 videt,
698 2439 920 2514 susceptaque
937 2455 1060 2518 magna
1076 2437 1188 2503 labore

331 2554 480 2599 crescere
496 2535 622 2600 difficili
637 2559 699 2602 nec
716 2561 797 2623 opes
814 2563 993 2626 exposcere
1010 2570 1150 2632 parvas;

330 2665 473 2729 cumque
488 2648 704 2732 tridentigero
722 2655 840 2718 tumidi
855 2659 1006 2739 genitore
1022 2664 1180 2745 profundi

331 2759 504 2822 mortalem
519 2760 667 2825 induitur
683 2765 835 2844 formam,
855 2771 1086 2857 Phrygiaeque
1103 2786 1246 2860 tyranno
1313 2799 1342 2835 ¹0

329 2871 506 2935 aedificant
521 2893 641 2952 muros,
661 2879 749 2957 pacti
767 2900 827 2984 pro
844 2885 1018 2949 moenibus
1034 2908 1160 2952 aurum,

374 2982 492 3047 Stabat
507 3006 609 3066 opus;
636 2991 779 3069 pretium
795 3013 852 3056 rex
870 2995 1036 3075 infitiatur,
1057 3010 1091 3064 et
1106 2998 1207 3078 addit,

330 3096 488 3175 perfidiae
504 3100 682 3177 cumulum,
702 3103 796 3166 falsis
813 3109 956 3192 periuria
971 3112 1090 3175 verbis.

331 3207 438 3270 “Non
455 3206 591 3290 impune
610 3211 730 3289 fe'res,''
747 3226 855 3280 rector
867 3222 967 3284 maris
986 3221 1101 3304 inquit,
1118 3234 1154 3288 et
1172 3217 1293 3291 omnis

328 3318 498 3382 inclinavit
517 3342 621 3404 aquas
638 3325 680 3387 ad
698 3346 817 3392 avarae
834 3329 929 3394 litora
945 3334 1084 3424 Troiae;
1311 3355 1340 3406 ῐ5

328 3428 428 3513 inque
442 3433 523 3496 ⁴freti
540 3435 681 3498 formam
698 3447 802 3503 terras
818 3445 988 3524 convertit,
1006 3468 1154 3531 opesque

328 3542 464 3607 abstulit
481 3548 634 3627 agricolis
651 3559 684 3612 et
700 3551 854 3617 fluctibus
871 3556 979 3621 obruit
995 3580 1103 3641 agros.

329 3656 440 3719 Poena
467 3677 575 3740 neque
607 3661 689 3724 haec
720 3666 800 3728 satis
828 3677 896 3743 est;
932 3670 1019 3752 regis
1050 3694 1180 3758 quoque
1211 3675 1279 3739 filia

415 3778 562 3833 monstro
