2996 4368
345 306 413 354 112
549 297 802 356 SEIAECI'IONS
831 297 948 355 FROM
979 297 1084 354 OVlD

416 611 564 685 XXVI.
598 607 720 684 THE
748 611 1115 692 DElFICATlON
1143 610 1214 682 OF

681 729 956 801 ROMULUS

341 926 494 990 Proxima
510 927 565 988 lux
579 947 686 990 saeua
700 937 761 1002 est,
777 937 813 990 at
827 926 924 990 tertia
939 926 1028 990 dicta
1044 925 1193 1009 Quirino.

384 1039 453 1121 Qui
466 1049 558 1102 tenet
573 1041 637 1102 hoc
652 1060 784 1115 nomen,
803 1040 966 1102 Romulus
981 1048 1060 1102 ante
1074 1038 1146 1101 fuit.

342 1151 421 1216 Sive
435 1152 525 1234 quod
541 1153 638 1215 basta
652 1152 740 1215 curis
756 1153 875 1234 priscis
889 1162 941 1215 est
955 1151 1045 1215 dicta
1060 1151 1203 1227 Sabinis,

384 1263 523 1327 bellicus
537 1284 559 1326 a
573 1266 640 1327 telo
656 1265 748 1328 venit
762 1264 797 1326 in
812 1274 902 1327 astra
916 1265 1019 1338 deus;

342 1377 413 1440 sive
427 1397 488 1439 suo
503 1376 575 1458 regi
590 1397 711 1440 nomen
728 1397 870 1458 posuere
886 1377 1052 1458 Quirites;
1338 1393 1352 1446 s

386 1510 445 1553 seu
460 1489 539 1572 quia
555 1490 716 1554 Romanis
732 1492 883 1554 iunxerat
898 1489 953 1552 ille
968 1487 1075 1553 Curis.

344 1602 432 1665 Nam
448 1613 544 1684 pater
555 1601 760 1683 armipotens
776 1612 954 1684 postquam
965 1622 1053 1664 nova
1068 1601 1200 1666 moenia
1210 1601 1295 1666 vidit

386 1716 557 1797 multaque
573 1716 738 1778 Romulea
752 1714 841 1778 bella
856 1724 991 1796 peracta
1006 1734 1117 1790 manu,

344 1827 557 1909 “Iuppiter,”
573 1827 689 1910 inquit,
708 1827 839 1891 “babet
859 1829 1012 1891 Romana
1030 1827 1179 1909 potentia
1193 1828 1293 1903 viris;

387 1939 558 2023 sanguinis
573 1939 682 2004 officio
697 1959 765 2002 non
780 1949 858 2021 eget
873 1939 930 2003 illa
944 1941 1018 2004 mei.
1230 1967 1233 1974 ¹
1308 1953 1355 1993 *10

346 2052 462 2117 Redde
477 2053 564 2134 patn'
579 2063 704 2116 natum.
739 2051 902 2134 Quamvis
916 2051 1083 2116 intercidit
1098 2053 1189 2128 alter,

387 2186 448 2247 pro
464 2185 500 2229 se
516 2186 643 2249 proque
659 2166 776 2240 Remo,
793 2166 850 2248 qui
866 2164 946 2227 mihi
960 2173 1073 2242 restat,
1090 2165 1160 2228 en't.

345 2279 463 2342 ‘Unus
478 2278 540 2341 erit
554 2297 654 2360 quem
669 2289 706 2340 tu
717 2277 815 2341 tolles
831 2278 865 2339 in
881 2278 1014 2341 caerula
1028 2277 1132 2354 caeli,’

386 2400 423 2452 tu
438 2389 519 2454 mihi
534 2390 654 2452 disisti.
700 2389 775 2453 Sint
790 2399 863 2452 rata
876 2389 967 2453 dicta
982 2390 1103 2453 Iovis.’'

345 2502 497 2583 Iuppiter
511 2502 682 2565 adnuerat.
729 2502 825 2565 Nutu
840 2501 1056 2565 tremefactus
1071 2510 1210 2583 uterque
1326 2519 1356 2573 15
1470 2547 1473 2570 ÷

387 2623 438 2677 est
454 2615 559 2695 polus,
576 2623 610 2677 et
626 2614 710 2677 caeli
726 2615 875 2694 pondera
890 2613 983 2676 novit
997 2612 1106 2676 Atlas.

346 2727 407 2789 Est
423 2727 524 2801 locus,
542 2725 669 2808 antiqui
685 2725 836 2807 Capreae
851 2726 963 2790 dixere
978 2725 1154 2807 paludem;

387 2839 474 2902 forte
488 2838 554 2901 tuis
570 2837 645 2914 illic,
665 2839 816 2914 Romule,
833 2839 905 2901 iura
919 2837 1033 2900 dabas.

240 2960 257 2991 ¹¹
345 2951 403 3015 Sol
418 2951 515 3031 fugit,
532 2959 566 3014 et
580 2961 752 3014 removent
767 2950 943 3014 subeuntia
957 2950 1071 3013 nubila
1085 2950 1225 3026 caelum,

386 3072 420 3126 et
435 3064 547 3144 gravis
561 3061 679 3126 effusis
694 3062 817 3126 decidit
832 3062 937 3126 imber
951 3063 1055 3145 aquis.
1136 3075 1139 3078 '
1323 3077 1355 3113 20

346 3174 435 3238 Hinc
451 3184 553 3252 tonat,
570 3174 647 3240 hine
663 3177 773 3239 missis
791 3175 999 3257 abrumpitur
1016 3173 1149 3255 ignibus
1167 3175 1293 3239 aether.

389 3288 444 3349 Fit
458 3286 550 3369 luga.
599 3290 671 3352 Rex
687 3288 803 3370 patriis
818 3297 908 3350 astra
923 3286 1058 3368 petebat
1072 3287 1176 3370 equis.

345 3401 473 3463 Luctus
488 3409 568 3476 erat,
585 3401 757 3483 falsaeque
774 3410 885 3482 patres
901 3399 934 3460 in
950 3398 1086 3464 crimine
1101 3399 1232 3476 caedis;

388 3512 615 3594 haesissetque
632 3512 750 3575 animis
767 3513 906 3576 forsitan
922 3511 979 3574 illa
994 3511 1086 3587 fides,

345 3623 405 3687 sed
422 3624 579 3687 Proculus
596 3625 715 3705 Longa
732 3624 885 3688 veniebat
904 3622 1008 3686 Iulius
1024 3623 1124 3700 Alba,
1323 3639 1353 3692 ²5
1463 3687 1466 3693 .

389 3736 535 3817 lunaque
551 3736 703 3817 fulgebat
717 3757 779 3800 nec
796 3737 880 3799 facis
896 3756 976 3800 usus
991 3745 1071 3811 erat,
1462 3709 1470 3750 ³³
