2996 4368
621 345 793 404 narnus
1108 358 1174 432 ¹45

227 531 314 592 “Da
329 531 409 593 mihi
425 539 595 613 perpetua,
612 532 744 612 genitor
758 531 960 609 carissime,’'
977 532 1067 610 dixit,

164 662 199 715 35
228 643 446 726 “virginitate
462 643 537 705 frui.
585 643 687 707 Dedit
702 643 765 707 hoc
778 657 874 726 pater
889 654 968 709 ante
986 646 1147 709 Dianae.”

227 755 290 819 Ille
309 755 443 839 quidem
467 754 668 839 obsequitur.
724 755 791 820 Sed
817 766 849 821 te
876 757 977 822 decor
1003 757 1067 823 iste
1087 758 1177 842 quod

313 877 411 950 optas

225 999 299 1043 esse
314 989 415 1057 vetat,
432 989 576 1064 votoque
592 990 649 1044 tuo
665 990 723 1044 tua
739 981 848 1046 forma
864 992 1040 1065 repugnat.

271 1092 425 1156 Phoebus
440 1101 531 1157 amat
545 1092 702 1176 visaeque
717 1095 810 1176 cupit
826 1094 969 1158 conubia
987 1097 1161 1177 Daphnes,

226 1204 381 1288 quodque
394 1205 495 1287 cupit,
509 1214 640 1287 sperat;
658 1226 784 1288 suaque
796 1207 888 1270 illum
900 1207 1034 1270 oracula
1044 1207 1173 1272 fallunt

163 1333 199 1382 40
226 1317 341 1400 thue
356 1317 447 1382 leves
462 1318 605 1401 stipulae
620 1318 765 1401 demptis
781 1319 955 1382 adolentur
970 1321 1089 1396 aristis,

225 1438 263 1492 ut
278 1429 408 1494 facibus
424 1450 543 1512 saepes
560 1430 687 1506 ardent,
705 1451 789 1513 quas
805 1432 892 1494 forte
908 1430 1014 1494 viator

225 1541 279 1605 vel
295 1541 393 1607 nimis
409 1542 556 1606 admovit
571 1542 624 1605 vel
640 1542 706 1605 iam
723 1543 784 1606 sub
800 1543 873 1606 luce
890 1543 1030 1626 reliquit,

226 1654 273 1717 sic
289 1654 371 1718 deus
386 1654 420 1718 in
435 1655 588 1718 flammas
603 1654 692 1730 abiit,
710 1654 757 1718 sic
773 1665 907 1737 pectore
923 1665 993 1719 toto

226 1767 331 1830 uritur
345 1775 380 1832 et
394 1767 539 1831 sterilem
556 1767 723 1849 sperando
738 1768 842 1830 nutrit
858 1779 1014 1832 amorem

164 1899 197 1953 45
227 1879 367 1960 Spectat
382 1880 553 1944 inornatos
569 1879 653 1943 collo
670 1879 816 1962 pendere
832 1879 980 1962 capillos,

225 2001 269 2067 et,
288 1997 306 2024 “
316 1991 415 2074 Quid,
433 1993 461 2055 si
477 1991 703 2055 comantur?''
720 1992 775 2055 ait.
814 1991 917 2056 Videt
931 1991 1009 2074 igne
1025 1991 1178 2056 micantis
1195 2002 1283 2061 Apono

225 2102 389 2167 sideribus
401 2103 517 2167 similis
532 2104 664 2179 oculos;
687 2103 778 2167 videt
790 2103 912 2179 oscula,
929 2123 1015 2186 quae
1031 2125 1098 2168 non
1196 2153 1245 2199 ano

226 2224 278 2279 est
292 2216 415 2281 vidisse
430 2216 530 2293 satis;
555 2215 668 2279 laudat
684 2215 872 2299 digitosque
888 2235 1072 2299 manusque
1194 2227 1303 2274 annues

225 2327 447 2411 bracchiaque
463 2337 497 2392 et
512 2327 620 2391 nudos
636 2327 744 2391 media
760 2330 836 2410 plus
853 2338 947 2410 parte
963 2328 1123 2406 lacertos;
1194 2302 1298 2423 {am

166 2467 200 2520 50
226 2440 255 2504 si
270 2461 336 2524 qua
352 2441 466 2517 latent,
483 2439 620 2504 meliora
637 2448 740 2521 putat.
789 2439 890 2520 Fugit
905 2439 995 2503 ocior
1009 2460 1090 2503 aura

226 2552 283 2616 illa
298 2554 371 2629 levi,
384 2570 493 2634 neque
509 2552 551 2615 ad
567 2551 651 2616 haec
667 2551 854 2615 revocantis
871 2552 973 2616 verba
988 2551 1133 2616 resistit:

227 2670 247 2699 “
259 2665 428 2752 Nympha,
454 2683 581 2746 precor,
610 2664 720 2740 Penet,
747 2684 853 2729 mane.
918 2664 996 2727 Non
1020 2663 1178 2747 insequor

314 2776 428 2841 hostis.

228 2890 398 2976 Nympha,
438 2908 545 2953 mane.
623 2887 678 2953 Sic
713 2908 801 2969 agna
837 2888 963 2970 lupum,
999 2889 1046 2951 sic
1079 2907 1178 2952 cerva

313 3002 453 3078 leonem,

226 3113 275 3177 sic
291 3113 436 3197 aquilam
452 3133 564 3196 penna
580 3112 714 3194 fugiunt
729 3112 917 3193 trepidante
934 3111 1117 3188 columbae,

269 3309 309 3364 35.
331 3301 434 3360 pater:
464 3298 503 3347 ie.
526 3297 595 3362 Jove.
640 3296 679 3359 36.
704 3297 813 3346 decor:
838 3312 921 3361 grace.
966 3309 1007 3357 40.
1031 3296 1175 3357 stipulae:

226 3381 324 3440 stabbla,
332 3380 415 3430 which
423 3395 474 3430 was
482 3381 557 3429 burnt
565 3379 628 3428 after
636 3378 678 3428 the
688 3378 787 3428 harvest
794 3394 845 3428 was
853 3378 983 3442 gathered.
991 3405 1025 3415 -
1031 3379 1175 3439 demptis:

216 3463 293 3513 'from
329 3463 358 3512 de
372 3469 396 3520 ψ
411 3460 696 3512 ema-adolentur:
735 3463 757 3510 is
785 3462 915 3510 burnt.—
930 3461 1047 3510 aristis:
1087 3462 1177 3526 grain.

226 3560 269 3608 41.
287 3558 409 3608 saepest
427 3546 519 3609 hedges.
553 3557 592 3608 42.
612 3546 669 3594 sub
680 3545 748 3594 luce
760 3562 765 3592 :
784 3552 813 3592 at
826 3543 958 3607 daybreak,
970 3543 1044 3592 when
1058 3542 1101 3592 the
1114 3558 1178 3606 way·

227 3629 294 3678 farer
305 3627 388 3678 would
405 3633 442 3676 set
460 3626 525 3676 forth
538 3627 621 3690 again,
632 3627 732 3690 leaving
742 3624 785 3674 the
801 3626 844 3674 fire
859 3625 888 3674 ol
901 3625 944 3674 the
957 3625 1029 3687 night
1042 3625 1091 3674 still
1103 3625 1179 3673 burn-

227 3712 281 3775 ing.
329 3710 370 3773 46.
386 3713 562 3760 comantur:
589 3725 655 3758 were
674 3707 1014 3772 arranged-micantis:
1038 3707 1178 3772 sparkling.

227 3807 269 3858 47.
287 3792 409 3843 ewulm
427 3792 484 3856 lips.
519 3804 558 3857 50.
576 3792 676 3842 ocior:
694 3792 797 3856 meister,

394 3903 410 3939 L
