2996 4368
287 330 354 422 156
494 338 743 397 saiacrrons
774 338 892 397 onom
923 337 1027 395 ovio

87 520 255 655 22:232&-
282 523 354 586 Aut
370 524 456 606 petis
472 533 529 587 aut
544 544 644 606 urges
660 523 851 598 rediturum,
870 523 1024 607 Sisyphe,
1042 543 1165 585 saxum.

88 682 129 718 0„
281 636 435 700 Volvitur
453 637 547 699 Ixion
564 646 598 699 et
613 657 649 700 se
666 638 879 718 sequiturque
895 636 1058 716 fugitque.

283 748 460 831 Molirique
477 749 544 811 suis
560 748 663 812 letum
680 747 884 830 patruelibus
900 767 1003 811 ausae
1265 769 1298 820 30

281 860 440 924 adsiduae
457 870 613 942 repetunt
628 881 711 944 quas
725 861 867 942 perdant
885 860 1017 923 Belides
1032 860 1148 922 undas.

282 974 376 1055 Quos
393 974 501 1036 omnis
517 973 588 1036 acie
604 982 781 1057 postquam
800 972 958 1036 Saturnia
973 981 1068 1035 torva

281 1085 372 1161 vidit,
389 1096 423 1149 et
438 1095 517 1148 ante
533 1085 640 1149 omnis
659 1086 785 1161 Ixiona,
803 1105 917 1148 rursus
933 1084 1044 1147 abillo

283 1174 453 1281 Sisyphon
470 1198 645 1278 aspiciens,
665 1198 762 1262 “Cur
778 1198 831 1260 hic
848 1216 866 1260 e
883 1196 1072 1273 fratribus,''
1090 1196 1205 1278 inquit,

284 1314 494 1392 “perpetuas
507 1311 631 1391 patitur
647 1330 782 1391 poenas,
800 1308 1010 1373 Athamanta
1026 1309 1205 1390 superbum
1263 1331 1295 1383 35

283 1422 376 1504 regia
392 1422 484 1484 dives
501 1423 611 1498 habet,
629 1422 686 1504 qui
702 1442 755 1485 me
771 1442 847 1484 cum
859 1421 1002 1503 coniuge
1019 1441 1149 1501 semper

284 1534 409 1616 sprevit
421 1533 432 1596 ?
443 1535 460 1559 ’³
509 1536 553 1597 Et
569 1534 706 1616 exponit
722 1555 840 1596 causas
856 1533 989 1616 odiique
1004 1533 1153 1616 viaeque,

284 1647 429 1729 quidque
445 1646 533 1709 velit.
581 1646 681 1728 Quod
696 1646 796 1709 veliet
812 1656 884 1709 erat
898 1666 941 1709 ne
951 1645 1044 1726 regia
1061 1645 1178 1709 Cadmi

284 1768 396 1834 staret,
414 1769 447 1822 et
459 1761 493 1820 in
504 1759 635 1821 facinus
650 1759 821 1821 traherent
838 1758 1047 1820 Athamanta
1063 1777 1201 1820 sorores.

329 1871 521 1952 Imperium,
535 1870 708 1951 promissa,
726 1891 843 1951 preces
859 1869 1034 1932 confundit
1050 1869 1083 1932 in
1101 1889 1212 1944 unum,
1263 1893 1296 1939 40

285 1983 504 2064 sollicitatque
520 1982 608 2045 deas.
657 1984 712 2047 Sic
729 1984 812 2045 haec
830 1983 960 2045 lunone
977 1983 1095 2057 locuta,

285 2095 468 2177 Tisiphone
482 2115 592 2172 canos
612 2105 646 2158 ut
663 2105 742 2170 erat,
760 2094 893 2157 turbata
909 2094 1047 2175 capillos

286 2208 389 2270 movit
404 2216 438 2270 et
454 2207 616 2270 obstantis
633 2207 746 2270 reiecit
762 2207 803 2269 ab
821 2227 878 2270 ore
895 2205 1067 2282 colubras;

91 2324 146 2408 Atti
229 2398 234 2419 ‚
285 2328 385 2402 atque
397 2319 452 2396 ita,
467 2319 570 2382 “Non
584 2320 692 2401 longis
703 2340 788 2400 opus
800 2329 851 2382 est
864 2317 1090 2400 ambagibus,''
1108 2317 1214 2400 inquit
1228 2337 1235 2380 :

90 2398 250 2519 2⁸:22⁰?ss
286 2432 401 2495 “facta
417 2441 508 2515 puta,
520 2451 749 2514 quaecumque
762 2431 865 2494 iubes
900 2429 1083 2493 Inamabile
1094 2449 1234 2510 regnum
1263 2451 1295 2503 45

284 2542 399 2607 desere
415 2553 515 2627 teque
531 2545 620 2606 refer
636 2543 718 2606 caeli
735 2543 879 2606 melioris
895 2543 938 2605 ad
953 2542 1081 2605 auras”

286 2656 392 2718 Laeta
407 2655 492 2718 redit
509 2655 603 2718 Iuno.
652 2656 762 2737 Quam
779 2655 908 2718 caelum
925 2654 1048 2716 intrare
1061 2663 1234 2746 parantem

284 2768 402 2831 roratis
418 2767 571 2830 lustravit
586 2769 680 2850 aquis
696 2767 939 2830 Thaumantias
958 2765 1029 2828 Iris

329 2976 367 3027 28.
386 2977 532 3039 Sisyphe:
558 2977 717 3025 condemned
734 2983 760 3024 to
778 2976 824 3024 roll
842 2992 857 3024 a
874 2983 947 3024 stone
965 2992 999 3040 up
1015 2975 1094 3034 ahili,
1111 2976 1174 3025 irom
1191 2975 1234 3025 the

283 3067 328 3124 top
340 3060 370 3108 oi
378 3059 459 3109 which
473 3060 491 3107 it
503 3059 593 3121 always
606 3059 685 3107 roiied
698 3059 771 3107 down
783 3059 865 3121 again.
901 3071 940 3119 29.
957 3058 1062 3108 Ixion:
1076 3058 1235 3106 condemned

283 3149 310 3190 to
327 3141 359 3190 be
377 3141 491 3190 fastened
509 3157 543 3190 on
560 3157 576 3189 a
595 3141 724 3204 revolving
741 3140 829 3190 wheel.
868 3153 906 3203 30.
929 3141 1033 3190 Moliri
1049 3142 1162 3190 letum:
1181 3141 1237 3204 plat

283 3224 610 3284 death-patruelibus:
625 3225 731 3272 cousins.
766 3237 805 3286 31.
823 3223 960 3273 Belides:
975 3221 1239 3289 granddauglatersos

284 3307 368 3356 Belus.
412 3305 484 3369 They
502 3322 567 3354 were
588 3306 747 3355 condemned
770 3313 797 3354 to
821 3321 885 3370 pour
908 3313 984 3354 water
1008 3305 1162 3368 continualiy
1181 3305 1234 3355 into

282 3388 492 3453 perioratedjars.
523 3402 561 3452 32.
579 3392 681 3438 torva:
700 3403 795 3452 ravage.
836 3389 875 3451 36.
888 3401 957 3438 cum
969 3389 1106 3451 coniuge:
1124 3389 1185 3437 with
1195 3389 1234 3437 Iris

282 3473 348 3537 wife,
371 3472 413 3521 i.e.
434 3472 489 3521 Ino.
531 3471 569 3535 38.
594 3473 683 3532 Quod
706 3473 800 3522 vellet
822 3476 900 3522 erat:
926 3472 995 3520 rabat
1009 3473 1050 3520 she
1066 3472 1163 3520 wished
1175 3489 1232 3521 raas.

283 3569 321 3616 39.
339 3553 507 3605 traherent:
527 3571 561 3604 sc.
575 3562 609 3614 ut,
628 3556 691 3604 lrom
709 3555 751 3604 the
770 3555 902 3618 ioregoing
919 3572 957 3604 ne.
997 3567 1038 3616 4²·
1056 3554 1231 3617 Tisiphone:

282 3652 331 3685 one
339 3637 367 3685 oi
376 3637 420 3686 the
431 3639 451 3685 F
452 3638 524 3687 ories.
533 3665 566 3674 -
575 3650 669 3687 canon
681 3638 824 3699 capillos:
838 3639 917 3700 koary
927 3638 997 3685 hair.
1019 3650 1060 3700 43.
1073 3637 1233 3687 colubrae:

281 3719 377 3768 snakes.
408 3735 448 3782 44.
465 3721 657 3782 ambagibus:
673 3721 767 3770 details.
800 3720 840 3781 48.
857 3720 985 3769 roratio.
1002 3754 1007 3766 .
1024 3754 1029 3766 .
1045 3720 1145 3781 aquia:
1154 3720 1234 3782 puri·

274 3802 335 3868 fied
340 3804 401 3851 wita
410 3803 544 3866 sprinkled
549 3811 633 3851 water.
643 3830 676 3839 --
683 3803 912 3852 Thaumantias:
926 3802 1049 3865 daughter
1057 3803 1089 3866 as
1097 3802 1232 3850 Thaumas.
