2996 4368
311 262 376 327 128
515 268 767 326 SELECTlONS
798 266 915 324 FROM
947 265 1051 322 OVID

348 452 470 536 eripuit
486 463 605 535 patruo
621 471 722 535 saepe
740 453 894 515 Minerva
909 470 978 513 suo.

306 567 351 630 Et
367 564 462 628 nobis
478 565 622 647 aliquod,
639 564 790 647 quamvis
807 564 968 626 distamus
984 560 1026 625 ab
1042 561 1115 638 illis,

349 678 428 760 quid
443 687 535 740 vetat
549 679 633 740 irato
649 697 774 740 numen
790 677 907 740 adesse
923 675 1009 739 deo?

304 790 418 855 Verba
432 789 533 854 miser
548 790 674 852 frustra
689 809 757 852 non
775 788 980 870 proficientia
997 786 1109 869 perdo,

351 905 430 985 Ipsa
446 922 565 984 graves
582 911 746 983 spargunt
761 921 819 964 ora
834 900 1000 982 loquentis
1015 919 1132 981 aquae,

304 1015 523 1096 terribilisque
541 1014 650 1078 Notus
665 1016 767 1077 iactat
783 1033 858 1076 mea
872 1012 984 1088 verba,
1002 1031 1184 1094 precesque

349 1128 392 1190 ad
407 1148 491 1210 quos
508 1127 683 1190 mittuntur
700 1147 767 1188 non
785 1125 862 1188 sinit
878 1125 925 1189 ire
941 1125 1030 1188 deos.

306 1241 398 1322 Ergo
413 1240 500 1304 idem
517 1239 616 1315 venti,
633 1260 677 1303 ne
693 1258 794 1302 causa
810 1238 923 1301 laedar
938 1237 972 1299 in
988 1256 1064 1313 una,

348 1352 488 1434 velaque
502 1353 616 1432 nescio
632 1372 698 1434 quo
713 1361 858 1433 votaque
874 1359 987 1413 nostra
1002 1349 1125 1413 ferunt.

307 1466 365 1528 Me
382 1465 548 1541 miserum,
565 1465 680 1546 quanti
697 1472 827 1527 montes
843 1462 1020 1526 volvuntur
1036 1460 1216 1544 aquarum!

352 1578 424 1640 lam
440 1577 505 1640 iam
521 1586 668 1639 tacturos
684 1577 793 1640 sidera
809 1595 938 1638 summa
954 1583 1060 1657 putes.

306 1690 462 1771 Quantae
478 1689 613 1752 diducto
630 1687 807 1751 subsidunt
823 1708 967 1771 aequore
982 1688 1103 1751 valles!

350 1802 423 1864 Iam
439 1801 505 1864 iam
521 1811 667 1864 tacturas
683 1802 825 1863 Tartara
840 1802 936 1883 nigra
952 1810 1059 1882 putes.

307 1913 527 1996 Quocumque
543 1913 679 1996 aspici0‚
695 1912 778 1975 nihil
794 1922 845 1976 est
860 1913 924 1976 nisi
940 1922 1063 1995 pqntus
1078 1921 1112 1976 et
1128 1919 1194 1989 aer,

350 2025 504 2090 fluctibus
521 2026 574 2089 hic
590 2025 745 2101 tumidus
763 2024 908 2089 nubibus
924 2025 979 2089 ille
995 2026 1115 2088 minax.

309 2139 403 2202 Inter
419 2147 595 2221 utrumque
610 2138 758 2202 fremunt
773 2137 910 2201 immani
926 2157 1094 2201 murmure
1109 2136 1207 2202 venti

354 2250 471 2314 Nescit
485 2246 539 2314 cui
554 2250 688 2315 domino
705 2260 821 2332 pareat
837 2251 927 2314 unda
943 2250 1050 2314 maris.

310 2364 398 2426 Nam
415 2363 513 2426 modo
529 2382 697 2445 purpureo
712 2363 791 2426 viris
807 2363 896 2445 capit
913 2364 1024 2427 Eurus
1040 2361 1082 2425 ab
1098 2371 1181 2438 ortu,

351 2496 439 2539 nunc
456 2476 632 2559 Zephyrus
648 2495 721 2538 sero
736 2495 877 2556 vespere
893 2475 1013 2539 missus
1029 2475 1134 2551 adest,

307 2608 397 2651 nunc
412 2587 542 2669 gelidus
558 2587 647 2650 sicca
663 2589 788 2651 Boreas
805 2587 988 2652 bacchatur
1003 2588 1045 2652 ab
1061 2588 1177 2664 Arct0,

351 2720 440 2763 nunc
458 2699 567 2764 Notus
583 2700 724 2764 adversa
740 2699 866 2782 proelia
881 2701 992 2764 fronte
1008 2700 1101 2782 gerit.

310 2814 434 2876 Rector
447 2813 481 2875 in
497 2814 623 2876 incerto
638 2821 767 2876 estnec
783 2813 862 2895 quid
878 2811 1029 2895 fugiatve
1045 2821 1179 2894 petatve

352 2924 497 3002 invenit;
521 2923 686 3007 ambiguis
703 2944 757 2988 ars
773 2934 886 3006 stupet
901 2927 975 3008 ipsa
990 2925 1094 2988 malis.

311 3036 445 3102 Scilicet
459 3037 649 3113 occidimus,
666 3057 729 3100 nec
744 3057 822 3119 spes
837 3046 888 3101 est
903 3036 970 3100 ulla
985 3038 1120 3114 salutis;

353 3149 499 3231 dumque
515 3149 640 3231 loquor,
658 3150 769 3212 vultus
785 3147 895 3212 obruit
910 3149 1000 3212 unda
1016 3169 1116 3212 meos.

310 3261 489 3344 Opprimet
500 3262 587 3325 hanc
604 3259 748 3324 animam
764 3261 893 3338 fluctus,
904 3261 1094 3344 frustraque
1111 3261 1260 3342 precanti
1287 3284 1318 3339 35

353 3393 409 3437 ore
426 3382 602 3437 necaturas
620 3371 821 3454 accipiemus
838 3393 950 3455 aquas.

310 3486 360 3549 At
375 3485 430 3569 pia
445 3485 492 3548 nil
507 3485 597 3548 aliud
613 3504 713 3567 quam
729 3504 782 3547 me
798 3485 888 3548 dolet
903 3485 1017 3548 exsule
1032 3484 1194 3561 coniunx;

354 3599 417 3662 hoc
434 3618 537 3660 unum
553 3596 658 3660 nostri
674 3595 802 3678 scitque
817 3598 985 3679 gemitque
1003 3597 1088 3660 mali.

313 3711 430 3774 Nescit
446 3709 479 3772 in
495 3709 657 3772 immenso
673 3708 789 3770 iactari
804 3729 944 3793 corpora
961 3718 1084 3791 pontu,¹
