2996 4368
305 286 374 356 130
508 275 758 334 SELECTIONS
789 274 908 333 FROM
939 274 1043 333 OVID

333 503 528 574 XXXIII.
564 504 600 575 A
629 502 850 574 LETTER
878 502 951 572 TO
981 501 1219 573 PERILLA
1327 573 1329 577 ,

298 677 394 742 Vade
411 679 589 742 salutatum
607 678 716 742 subito
733 687 888 759 perarata
905 676 1067 752 Perillam,

342 790 460 867 littera,
479 793 641 854 sermonis
657 790 723 853 fida
736 790 887 853 ministra
903 781 977 851 mei.

105 905 151 952 ma
299 904 371 966 Aut
385 903 475 965 illam
491 904 640 967 invenies
656 903 746 966 dulci
761 922 837 965 cum
853 910 958 964 matre
974 901 1147 965 sedentem

105 979 249 1099 &nouenae
342 1024 398 1078 aut
414 1017 500 1078 inter
515 1015 616 1078 libros
634 1015 847 1097 Pieridasque
864 1033 950 1076 suas.

105 1129 222 1176 Perma’s
299 1127 466 1209 Quicquid
483 1137 569 1208 aget,
586 1146 662 1190 cum
678 1136 712 1190 te
728 1127 838 1190 scierit
852 1127 994 1200 venisse,
1012 1125 1194 1208 relinquet;
1296 1150 1312 1203 5

106 1203 172 1250 Love
341 1259 404 1302 nec
420 1259 521 1314 mora,
540 1239 619 1320 quid
634 1239 750 1302 venias
766 1237 896 1321 quidve,
911 1237 1063 1320 requiret,
1082 1258 1189 1319 agam.

298 1352 420 1414 Vivere
437 1352 605 1427 medices,
623 1352 682 1414 sed
699 1351 745 1414 sic
762 1360 799 1413 ut
813 1350 924 1413 vivere
940 1349 1052 1425 nolim,

341 1483 404 1527 nec
420 1464 507 1525 mala
523 1473 591 1526 tam
607 1464 709 1544 longa
724 1473 838 1526 nostra
854 1463 963 1525 levata
978 1481 1088 1538 mora;

298 1585 331 1638 et
345 1584 458 1638 tamen
475 1575 516 1637 ad
535 1577 660 1651 Musas,
678 1575 830 1658 quamvis
845 1594 998 1650 nocuere,
1016 1576 1146 1650 reverti,

342 1697 486 1770 aptaque
503 1688 536 1750 in
553 1689 699 1750 alternos
715 1707 836 1768 cogere
851 1687 953 1749 verba
969 1686 1081 1767 pedes.
1279 1711 1309 1746 10

298 1801 350 1861 Tu
361 1820 501 1881 quoque,
510 1799 572 1875 dic,
581 1799 698 1862 studiis
709 1799 940 1862 communibus
952 1798 1071 1881 ecquid
1083 1800 1247 1876 inhaereS,

341 1911 505 1992 doctaque
521 1932 600 1974 num
617 1911 724 1992 patrio
740 1910 888 1972 carmina
904 1930 994 1990 more
1010 1910 1125 1973 canis?

300 2025 386 2114 Nam
403 2023 463 2085 tibi
479 2043 555 2085 cum
571 2024 656 2085 facie
673 2043 782 2086 mores
799 2031 918 2085 natura
935 2022 1074 2104 pudicos

341 2145 374 2198 et
390 2155 482 2197 raras
498 2136 593 2198 dotes
608 2135 846 2216 ingeniumque
863 2133 961 2197 dedit.

105 2277 218 2322 Remem-
300 2248 375 2309 Hoc
391 2267 454 2327 ego
472 2247 651 2327 Pegasidas
668 2247 789 2309 deduxi
805 2249 931 2329 primus
948 2247 990 2309 ad
1006 2247 1122 2323 undas
1253 2307 1254 2312 ,
1276 2264 1306 2317 15

104 2351 194 2469 ¹2³³oe
342 2369 443 2440 utque
460 2369 555 2440 pater
572 2369 669 2421 natae
685 2359 819 2440 duxque
836 2379 1013 2442 comesque
1030 2359 1088 2422 fui.

105 2437 211 2556 liappier
300 2471 390 2551 Ergo
406 2471 434 2533 si
449 2480 622 2534 remanent
637 2471 732 2551 ignes
748 2471 807 2534 tibi
824 2474 967 2553 pectoris
983 2473 1081 2548 idem,

105 2573 176 2632 ΒΨ
341 2584 412 2645 sola
427 2592 520 2644 tuum
537 2592 630 2646 vates
649 2583 771 2646 Lesbia
786 2585 898 2647 vincet
913 2605 1007 2665 opus

298 2695 365 2758 Sed
380 2715 498 2757 vereor
514 2714 556 2757 ne
572 2705 605 2757 te
622 2715 697 2757 mea
713 2716 802 2758 nunc
819 2696 954 2779 fortuna
970 2695 1125 2772 retardet,

340 2816 482 2888 postque
499 2827 590 2869 meos
607 2827 704 2870 casus
721 2809 763 2870 sit
778 2808 837 2870 tibi
854 2818 970 2889 pectus
986 2809 1084 2872 iners.
1275 2824 1307 2859 20

298 2920 388 2981 Dum
405 2919 505 2993 licuit,
522 2928 580 2981 tua
597 2939 698 3000 saepe
715 2911 804 2993 mihi
822 2920 882 2982 tibi
898 2930 1012 2983 nostra
1027 2920 1201 3002 legebam;

340 3050 439 3112 saepe
455 3031 504 3093 tui
519 3031 626 3106 iudex,
644 3051 745 3112 saepe
761 3032 919 3112 magister
934 3052 1033 3095 eram.

295 3144 367 3205 Aut
382 3163 446 3223 ego
462 3143 663 3224 praebebam
679 3143 777 3206 iactis
794 3145 891 3207 modo
908 3144 1057 3208 versibus
1073 3147 1171 3221 auris

339 3263 404 3331 aut,
422 3255 479 3317 ubi
495 3274 654 3330 cessaraS‚
672 3275 773 3318 causa
789 3256 918 3319 ruboris
934 3276 1034 3319 eram.

296 3368 451 3429 Forsitan
468 3367 629 3448 exemplo,
647 3367 724 3448 quia
740 3388 792 3430 me
808 3367 933 3431 laesere
950 3369 1060 3444 libelli,
1277 3383 1309 3434 25

338 3490 374 3542 tu
391 3499 522 3560 quoque
540 3479 584 3541 sis
601 3500 729 3561 poenae
745 3481 836 3543 facta
852 3481 990 3544 remissa
1006 3481 1123 3544 meae?

297 3591 395 3667 Pone,
414 3591 540 3666 Perilla,
558 3601 692 3654 metum.
736 3592 883 3653 Tantum
900 3593 1000 3655 modo
1017 3594 1143 3656 femina
1159 3593 1250 3655 nulla

338 3724 400 3766 nec
417 3702 545 3765 iuvenis
561 3703 693 3784 scriptis
710 3703 815 3766 discat
831 3724 943 3767 amare
960 3706 1035 3767 tuis
