2948 4368
551 349 822 407 ANDROMEDA
1109 356 1128 431 ς
1132 357 1153 429 3

201 533 336 597 dotibus
353 541 388 597 et
403 534 567 608 meritum,
586 532 722 596 faveant
738 532 836 596 modo
851 531 998 607 numina,
1016 539 1154 613 tempto.

202 643 252 710 Ut
267 665 343 710 mea
359 646 410 721 sit,
427 654 560 708 servata
576 663 651 708 mea
665 645 796 721 virtute,
813 643 996 727 paciscor.'’

139 777 174 824 40
246 757 430 839 Accipiunt
446 758 555 838 legem
569 753 659 840 (quis
675 756 763 820 enim
780 755 982 840 dubitareti)
1003 766 1036 820 et
1052 764 1148 820 orant
1173 765 1292 814 ἤπυον

201 869 468 953 promittuntque
485 889 586 953 super
601 887 742 950 regnum
760 868 869 932 dotale
886 877 1053 950 parentes.

203 982 295 1045 Ecce
309 980 402 1044 velut
417 982 512 1044 navis
529 980 674 1063 praefixo
691 979 822 1044 concita
838 989 945 1044 rostro

201 1092 311 1156 sulcat
327 1112 441 1175 aquas,
459 1093 616 1156 iuvenum
633 1091 830 1156 sudantibus
846 1102 922 1156 acta
937 1092 1079 1169 lacertis,

202 1205 253 1268 sic
268 1205 343 1268 fera
358 1205 491 1268 dimotis
506 1206 651 1286 impulsu
669 1205 813 1288 pectoris
830 1204 928 1268 undis

141 1337 174 1390 45
201 1327 336 1380 tantum
352 1316 467 1380 aberat
483 1315 629 1397 scopulis
646 1326 807 1398 quantum
825 1315 996 1380 Balearica
1011 1327 1099 1381 torto

202 1428 312 1492 funda
328 1438 439 1510 potest
455 1428 592 1510 plumbo
610 1428 710 1492 medii
727 1429 951 1492 transmittere
967 1429 1059 1506 caeli,

203 1561 281 1606 cum
297 1540 407 1604 subito
423 1540 553 1604 iuvenis
570 1540 712 1621 pedibus
727 1542 846 1604 tellure
861 1542 994 1623 repulsa

204 1654 330 1717 arduus
345 1655 380 1715 in
396 1651 493 1716 nubis
509 1652 598 1716 abiit.
646 1655 695 1718 Ut
710 1654 744 1715 in
759 1672 903 1736 aequore
919 1674 1049 1717 summo

205 1766 325 1829 umbra
340 1765 402 1828 viri
416 1743 488 1829 visa
504 1752 564 1842 est,
582 1767 687 1830 visam
704 1766 777 1830 fera
793 1767 898 1829 saevit
913 1768 945 1828 in
963 1766 1124 1829 umbram.

145 1901 176 1953 5ο
252 1881 367 1961 thue
385 1879 475 1942 Iovis
491 1856 643 1963 praepes,
660 1898 766 1942 vacuo
782 1898 857 1941 cum
874 1877 956 1941 vidit
971 1880 1004 1940 in
1021 1898 1100 1940 arvo

206 1991 424 2075 praebentem
441 1987 580 2055 Phoebo
597 1977 732 2054 liventia
748 2000 843 2072 terga
858 1991 1047 2065 draconem,

206 2100 349 2188 occupat
365 2124 528 2180 aversum,
547 2123 612 2168 neu
629 2122 729 2168 saeva
745 2112 934 2185 retorqueat
949 2123 1016 2178 ora,

207 2217 429 2301 squamigeris
445 2217 560 2280 avidos
576 2215 648 2297 figit
664 2211 846 2279 cervicibus
861 2214 1002 2296 unguis;

207 2329 254 2392 sic
270 2329 371 2393 celeri
387 2329 507 2392 missus
522 2347 685 2410 praeceps
701 2347 761 2411 per
776 2329 876 2391 inane
891 2327 1003 2391 volatu
1176 2337 1229 2384 rue

149 2460 179 2514 55
208 2449 304 2521 terga
320 2440 412 2502 ferae
429 2437 558 2520 pressit,
577 2438 759 2519 dextroque
775 2436 947 2500 frementis
962 2435 995 2498 in
1013 2456 1105 2499 armo
1177 2412 1256 2472 Μ*

209 2551 387 2615 Inachides
402 2551 528 2615 ferrum
545 2570 646 2613 curvo
662 2558 760 2613 tenus
777 2547 903 2611 abdidit
919 2550 1027 2618 hamo.

207 2664 357 2727 Vulnere
372 2662 463 2726 laesa
479 2663 583 2744 gravi,
601 2662 701 2726 modo
718 2681 755 2724 se
771 2660 921 2723 sublimis
936 2659 969 2722 in
986 2680 1083 2723 auras

208 2774 338 2851 attollit,
356 2775 455 2838 modo
471 2774 584 2838 subdit
598 2773 703 2856 aquis,
722 2773 822 2837 modo
838 2791 930 2836 more
946 2772 1069 2836 ferocis

207 2896 321 2951 versat
335 2887 416 2969 apri,
434 2906 533 2968 quem
549 2885 647 2949 turba
663 2905 782 2949 canum
799 2884 1007 2947 circumsona
1022 2893 1133 2948 terret.

151 3006 182 3058 60
210 2998 273 3062 Ille
289 2999 404 3062 avidos
422 3018 551 3061 morsus
567 2996 739 3061 velocibus
755 2996 876 3078 effugit
891 2995 970 3073 alis;

209 3129 341 3192 quaque
353 3118 455 3190 patet,
469 3127 558 3172 nunc
571 3119 667 3190 terga
679 3108 769 3171 cavis
782 3126 882 3189 super
894 3107 1001 3171 obsita
1013 3106 1157 3184 conchis,

209 3241 298 3284 nunc
315 3222 455 3284 laterum
471 3229 592 3296 costas,
609 3239 698 3283 nunc
715 3238 781 3303 qua
796 3220 990 3284 tenuissima
1006 3219 1112 3282 cauda

209 3333 332 3398 desinit
347 3334 381 3396 in
398 3332 533 3415 piscem,
551 3332 675 3396 falcato
687 3333 840 3396 vulnerat
856 3347 945 3394 ense.

210 3446 316 3509 Belua
331 3445 474 3528 puniceo
490 3444 610 3507 mixtos
625 3464 701 3506 cum
718 3442 881 3524 sanguine
896 3440 1017 3503 fluctus

153 3571 184 3637 65
210 3578 267 3622 ore
282 3557 405 3634 vomit;
429 3557 586 3620 maduere
603 3575 722 3636 graves
738 3554 917 3634 aspergine
933 3571 1073 3633 pennae.

256 3670 328 3733 Nec
345 3668 467 3732 bibulis
483 3668 570 3731 ultra
586 3668 727 3730 Perseus
743 3664 901 3727 talaribus
918 3684 1018 3726 ausus

211 3782 347 3845 credere
364 3781 538 3863 conspexit
554 3778 738 3861 scopulum,
757 3778 812 3859 qui
827 3775 950 3839 vertice
967 3793 1096 3837 summo

1212 851 1240 886 ar

1173 914 1294 974 accepted
