2996 4368
412 372 501 430 rna
531 373 676 430 DEATH
707 329 988 432 ornamus
1105 379 1168 430 121

159 573 193 626 25
223 556 342 620 Donec
358 565 456 620 erunt
471 555 567 637 ignes
583 577 745 639 arcusque
762 555 936 639 Cupidinis
953 577 1055 633 arma,

266 668 434 731 discentur
450 670 587 745 numeri,
605 668 692 732 culte
708 669 849 745 Tibulle,
866 669 923 732 tui.

223 781 339 844 Gallus
355 790 389 843 et
406 780 582 863 Hesperiis
599 791 632 844 et
649 782 765 845 Gallus
782 792 881 845 notus
900 781 988 858 Eois,

267 902 300 955 et
316 913 377 955 sua
393 913 468 956 cum
485 894 581 957 Gallo
597 903 676 957 nota
694 892 832 978 Lycoris
848 893 919 958 erit.

224 1006 316 1087 Ergo
332 1025 407 1069 cum
425 1005 542 1081 silices,
559 1026 634 1069 cum
650 1006 733 1069 dens
750 1007 907 1088 patientis
923 1007 1023 1070 aratri

160 1138 195 1189 30
267 1118 449 1199 depereant
464 1137 556 1194 aevo,
574 1118 722 1181 carmina
738 1127 844 1183 morte
861 1129 983 1182 carent.

225 1230 357 1293 Cedant
372 1230 573 1294 carminibus
588 1250 685 1311 reges
701 1251 884 1313 regumque
900 1229 1068 1313 triumphi,

268 1342 366 1406 cedat
380 1352 413 1406 et
429 1342 565 1406 auriferi
581 1343 653 1425 ripa
668 1343 815 1425 benigna
830 1343 926 1425 Tagi.

224 1453 313 1518 Vilia
328 1453 464 1518 miretur
479 1455 609 1538 vulgus.
659 1455 743 1518 Mihi
759 1456 865 1520 flavus
881 1457 1007 1538 Apollo

269 1567 388 1649 pocula
404 1567 549 1632 Castalia
565 1567 665 1649 plena
681 1568 845 1632 ministret
860 1589 955 1651 aqua,

164 1695 195 1748 35
225 1679 472 1762 sustineamque
487 1700 584 1743 coma
600 1689 803 1743 metuentem
820 1681 947 1762 frigora
964 1691 1127 1766 myrtum;

270 1801 369 1874 atque
384 1791 431 1855 ita
446 1791 584 1856 sollicito
600 1794 724 1856 multus
739 1803 873 1857 amante
889 1794 990 1875 legar.

227 1904 375 1968 Pascitur
390 1906 424 1968 in
439 1905 523 1968 vivis
539 1905 630 1981 livor,
649 1915 725 1987 post
740 1905 812 1968 fata
828 1905 978 1988 quiescit,

269 2037 345 2081 cum
362 2037 442 2081 suus
457 2038 498 2081 ex
514 2019 630 2080 merito
647 2038 812 2100 quemque
828 2027 940 2081 tuetur
955 2018 1071 2081 honos.

228 2130 318 2210 Ergo
334 2131 433 2193 etiam
450 2150 525 2193 cum
542 2149 596 2192 me
612 2150 787 2211 supremus
804 2129 954 2193 adederit
969 2129 1065 2211 ignis,

165 2261 201 2309 40
269 2243 388 2318 vivam,
406 2262 551 2325 parsque
568 2242 632 2304 mei
649 2243 753 2305 multa
768 2251 938 2325 superstes
954 2243 1025 2306 erit.

630 2464 767 2492 -000—

226 2631 353 2702 XXX.
406 2631 526 2702 THE
564 2631 759 2702 DEATH
798 2630 867 2700 OF
899 2628 1175 2700 TlBULLUS

227 2801 410 2863 Memnona
425 2801 453 2862 si
468 2807 582 2874 mater,
600 2807 705 2861 mater
721 2798 863 2879 ploravit
879 2796 1057 2870 Achillem,
1192 2802 1300 2849 tament

269 2921 303 2975 et
317 2920 460 2993 tangunt
475 2931 614 2992 magnas
630 2909 736 2972 tristia
752 2910 822 2971 fata
838 2909 927 2984 deas
1193 2874 1308 2998 lilbuuus

225 3022 343 3087 flebilis
358 3023 523 3105 indignos,
543 3023 689 3103 Elegeia,
708 3021 798 3084 solve
815 3021 962 3102 capillos.

270 3137 336 3211 Ah,
354 3135 452 3198 nimis
468 3155 508 3198 ex
523 3154 601 3197 vero
618 3153 706 3196 nunc
722 3132 781 3195 tibi
797 3153 919 3195 nomen
935 3131 1014 3194 erit!

181 3254 196 3310 5
226 3248 289 3311 Ille
304 3250 352 3310 tui
366 3258 459 3311 vates
476 3246 594 3328 operis,
611 3255 668 3307 tua
685 3245 784 3319 fama,
802 3244 954 3306 Tibullus

270 3360 364 3423 ardet
378 3361 412 3421 in
429 3366 603 3432 exstructo,
622 3377 742 3438 corpus
759 3357 866 3431 inane,
884 3375 975 3436 rogo.

227 3473 326 3548 Ecce,
344 3492 426 3555 puer
441 3471 582 3534 Veneris
599 3469 665 3532 fert
680 3487 896 3549 eversamque
914 3459 1102 3548 pharetram

270 3592 304 3648 et
319 3584 443 3647 fractos
459 3603 556 3645 arcus
572 3590 605 3645 et
621 3582 691 3643 sine
708 3580 781 3642 luce
797 3579 915 3642 facem.

228 3697 355 3779 Aspice
371 3695 521 3759 demissis
538 3703 574 3756 ut
589 3702 643 3756 eat
658 3690 853 3754 miserabilis
869 3690 938 3766 alis,

166 3827 196 3863 10
273 3817 473 3890 pectoraque
489 3806 611 3869 infesta
627 3804 747 3866 tundat
762 3813 878 3883 aperta
894 3821 1003 3865 manu.
