2996 4368
485 347 573 404 xcrs
602 347 691 405 nun
721 348 914 407 GALATEA
1112 361 1177 433 107

230 539 316 594 stare
332 530 447 612 nequit
463 530 610 613 silvaque
625 540 658 594 et
674 532 761 595 notis
778 533 916 596 saltibus
932 544 1037 609 errat;

229 663 303 705 cum
320 644 412 705 ferus
428 644 562 723 ignaros
578 663 639 707 nec
656 643 833 726 quicquam
849 646 915 710 tale
931 646 1077 711 timentis

229 775 282 818 me
308 754 398 818 videt
425 764 525 836 atque
549 754 647 831 Acin,
675 756 832 820 “Video''
860 778 933 840 que,
959 760 1131 838 exclamat,
1195 774 1231 822 ne

317 872 375 930 “et
391 867 453 929 ista
1194 861 1255 972 ἧς

167 1014 217 1068 ¹²5
228 980 344 1042 ultima
360 981 402 1041 sit
418 979 539 1042 faciam
557 982 689 1043 veneris
706 981 883 1045 concordia
898 984 1058 1047 vestrae.''
1194 999 1260 1045 vitu

227 1093 404 1174 Tantaque
419 1112 483 1154 vox
498 1101 656 1173 quantam
673 1092 819 1176 Cyclops
835 1093 938 1158 iratus
954 1095 1077 1162 habere
1194 1072 1302 1121 ⁰⁸¹⁸²⁰⁸

228 1204 351 1280 debuit,
368 1205 425 1265 illa
439 1204 520 1280 fuit3
545 1205 689 1268 clamore
706 1204 892 1286 perhorruit
908 1207 1030 1272 Aetna.

228 1315 295 1379 Ast
310 1336 373 1396 ego
389 1315 497 1379 vicino
514 1317 691 1396 pavefacta
707 1317 769 1380 sub
786 1337 928 1400 aequore
944 1339 1084 1403 mergor.

228 1429 340 1508 Terga
355 1429 457 1508 fugae
473 1428 610 1491 dederat
626 1449 787 1493 conversa
803 1430 1014 1516 Symaethius
1031 1434 1128 1497 heros

167 1549 269 1627 130et,
289 1545 307 1573 “
319 1541 384 1603 Fer
412 1560 519 1622 opem,
542 1541 690 1617 Galatea,
719 1562 845 1624 precor,
874 1544 971 1606 mihi!
1008 1545 1101 1621 ferte,
1122 1565 1178 1628 pa·

315 1654 442 1716 rentes!
456 1653 472 1678 '’
837 1631 841 1638 ¹

144 1843 148 1848 g
227 1764 364 1841 dixerat,
384 1771 446 1829 “et
461 1765 579 1829 vestris
596 1768 777 1847 periturum
794 1767 957 1832 admittite
972 1768 1101 1850 regnis!
1115 1769 1131 1794 ”

229 1877 420 1958 Insequitur
436 1878 581 1962 Cyclops
599 1888 793 1961 partemque
809 1900 827 1942 e
845 1890 956 1943 monte
972 1883 1137 1944 revulsam

228 1989 337 2065 mittit,
354 1999 388 2053 et
403 1999 568 2054 extremus
584 1991 735 2072 quamvis
752 1993 902 2072 pervenit
918 1993 959 2054 ad
976 1992 1068 2055 illum

227 2103 371 2183 angulus
387 2123 426 2166 ex
443 2103 539 2179 iactu,
557 2112 662 2165 totum
679 2113 790 2166 tamen
807 2103 916 2166 obruit
932 2105 1030 2171 Acin.

167 2246 215 2299 135
272 2214 321 2277 At
336 2235 406 2290 nos
424 2215 512 2297 quod
529 2213 599 2278 fieri
615 2215 720 2277 solum
738 2236 798 2296 per
814 2216 885 2277 lata
901 2216 1029 2292 licebat,
1193 2233 1253 2280 Acis

227 2326 368 2390 fecimus
384 2339 420 2389 ut
435 2327 513 2390 viris
530 2327 717 2390 adsumeret
733 2327 815 2390 Acis
830 2328 944 2391 avitas.
1193 2310 1306 2429 ww

228 2439 391 2502 Puniceus
408 2439 448 2502 de
464 2439 551 2502 mole
566 2459 663 2502 cruor
679 2439 843 2515 manabat,
861 2450 894 2502 et
909 2439 994 2503 intra
1193 2470 1209 2504 a

226 2551 387 2632 temporis
403 2552 558 2633 exiguum
575 2551 675 2615 rubor
691 2571 887 2615 evanescere
903 2554 1021 2634 coepit,
1196 2532 1296 2578 stream

227 2663 330 2746 fitque
347 2665 437 2727 color
452 2666 558 2745 primo
576 2663 698 2726 turbati
714 2663 857 2726 fluminis
873 2664 977 2729 imbre

168 2817 215 2864 ¹40
228 2785 456 2858 purgaturque
472 2796 572 2839 mora.
620 2777 706 2838 Tum
724 2777 827 2839 moles
843 2777 951 2839 fracta
966 2777 1116 2853 dehiscit,

226 2887 369 2970 vivaque
385 2909 444 2969 per
460 2888 559 2950 rimas
577 2908 779 2970 proceraque
795 2888 901 2968 surgit
917 2889 1076 2964 harund0,

228 3019 331 3082 osque
347 3020 465 3063 cavum
482 3000 552 3062 saxi
569 3011 665 3063 sonat
682 3000 922 3064 exsultantibus
939 3001 1053 3077 undis;

227 3111 377 3194 miraque
393 3133 454 3188 res,
473 3112 581 3175 subito
598 3112 707 3176 media
722 3121 818 3176 tenus
835 3113 959 3176 exstitit
974 3115 1048 3176 alvo

228 3222 390 3287 incinctus
406 3225 533 3287 iuvenis
550 3223 641 3288 flexis
658 3245 744 3286 nova
761 3245 884 3287 cornua
900 3227 1024 3301 cannis

167 3378 214 3432 ,43
227 3336 293 3416 qui,
312 3337 375 3398 nisi
391 3336 479 3418 quod
496 3337 608 3412 maior,
627 3337 715 3417 quod
731 3346 801 3399 toto
819 3339 968 3400 caerulus
985 3358 1050 3413 ore,

228 3448 311 3511 Acis
334 3458 413 3511 erat.
462 3447 530 3512 Sed
553 3450 600 3511 sic
624 3468 756 3530 quoque
779 3459 850 3512 erat
872 3459 983 3512 tamen
1007 3450 1099 3525 Acis
1116 3450 1151 3512 in

315 3579 446 3623 amnem

226 3693 362 3748 versus,
386 3682 419 3735 et
435 3673 607 3754 antiquum
624 3681 800 3736 tenuerunt
817 3672 951 3735 flumina
967 3694 1097 3736 nomen.
