2996 4368
109 2069 165 2117 And

109 2145 241 2205 carrying-

108 2219 142 2266 οῦ

109 2291 136 2339 of

109 2368 224 2415 Bacchus

306 349 375 423 150
504 340 754 399 SELECTIONS
783 340 901 399 FROM
931 340 1036 399 OVID

303 524 385 586 Mox
399 542 473 604 ego,
491 543 534 586 ne
549 523 696 606 scopulis
712 524 884 587 haererem
901 543 1034 604 semper
1049 522 1083 585 in
1099 522 1214 599 isdem,

301 634 445 698 addidici
460 636 610 717 regimen
626 635 741 699 dextra
756 636 950 719 moderante
966 635 1099 700 carinae

301 747 445 823 flectere,
462 757 497 811 et
513 747 653 812 Oleniae
670 747 761 812 sidus
778 748 923 830 pluviale
937 748 1089 830 capellae

302 861 543 944 Taygetenque
561 859 769 943 Hyadasque
784 861 889 923 oculis
906 860 1102 943 Arctonque
1117 861 1240 938 notavi,

300 982 543 1053 ventorumque
559 970 675 1035 domos
691 982 726 1036 et
740 982 856 1054 portus
872 972 1042 1055 puppibus
1058 982 1163 1056 aptos.
1281 993 1312 1028 20

347 1085 479 1148 “Forte
495 1093 614 1166 petens
632 1084 754 1147 Delum
768 1084 873 1149 Chiae
888 1085 1015 1150 telluris
1031 1085 1074 1149 ad
1089 1105 1166 1148 oras

302 1196 460 1278 applicor,
477 1206 512 1260 et
526 1197 650 1260 dextris
666 1196 813 1260 adducor
828 1197 924 1262 litora
939 1199 1048 1274 remis,

302 1308 411 1390 doque
427 1308 508 1373 levis
525 1309 629 1372 saltus
646 1309 798 1391 udaeque
812 1311 971 1373 immittor
987 1311 1141 1373 harenae.

303 1421 379 1486 Nox
395 1420 452 1484 ubi
466 1431 666 1503 consumpta
681 1431 733 1484 est
746 1418 896 1503 (Aurora
911 1421 1086 1485 rubescere
1102 1422 1210 1504 primo

302 1531 481 1615 coeperat),
498 1552 641 1614 exsurgo
657 1533 839 1616 laticesque
854 1533 978 1596 inferre
994 1533 1136 1597 recentis
1282 1541 1313 1594 25

250 1635 251 1640 ¹
302 1647 466 1709 admoneo
482 1655 697 1727 monstroque
713 1645 801 1707 viam
818 1665 903 1727 quae
919 1644 1018 1708 ducat
1034 1644 1076 1708 ad
1092 1644 1207 1708 undas.

304 1757 382 1838 Ipse
398 1757 476 1840 quid
493 1777 574 1820 aura
586 1756 668 1819 mihi
684 1757 812 1820 tumulo
828 1757 999 1838 promittat
1014 1756 1056 1820 ab
1073 1758 1140 1826 alto

301 1869 467 1951 prospicio
485 1871 689 1950 comitesque
704 1889 788 1933 voco
803 1879 985 1950 repetoque
1001 1869 1156 1932 carinam.

303 1980 495 2044 ‘Adsumus
511 1981 571 2044 en!
586 1981 592 2005 ’
610 1981 718 2063 inquit
733 1982 895 2044 sociorum
912 1981 1038 2063 primus
1054 1981 1230 2062 OphelteS,

301 2103 403 2175 utque
419 2102 524 2175 putat,
542 2092 701 2174 praedam
718 2091 850 2156 deserto
865 2102 982 2157 nactus
998 2092 1029 2155 in
1044 2112 1125 2175 agro
1281 2106 1314 2157 30

301 2204 450 2286 virginea
466 2224 606 2287 puerum
622 2204 713 2268 ducit
729 2224 789 2287 per
805 2205 901 2268 litora
914 2205 1032 2268 forma.

346 2321 365 2349 ‘¹
377 2317 439 2380 llle
456 2336 547 2380 mero
564 2335 748 2399 somnoque
764 2317 876 2398 gravis
892 2315 1035 2380 titubare
1050 2315 1180 2381 videtur

301 2427 420 2510 vixque
430 2428 533 2510 sequi.
558 2428 683 2510 Specto
693 2428 818 2492 cultum
830 2409 1250 2512 faciemquegradumque;

301 2539 348 2603 nil
360 2539 406 2603 ibi
421 2540 510 2622 quod
527 2540 617 2603 credi
633 2550 747 2623 posset
764 2541 903 2604 mortale
918 2539 1082 2604 videbam.

304 2653 347 2714 Et
363 2653 452 2715 sensi
467 2662 502 2715 et
517 2653 584 2714 dixi
600 2652 717 2716 sociis:
742 2652 861 2735 ‘Quod
877 2672 1001 2716 numen
1016 2653 1051 2714 in
1066 2654 1131 2717 isto
1278 2671 1311 2724 35

302 2783 440 2845 corpore
456 2764 498 2828 sit
513 2763 636 2841 dubito,
654 2765 713 2828 sed
729 2784 869 2847 corpore
884 2783 1008 2828 numen
1024 2764 1057 2826 in
1074 2766 1137 2828 isto
1152 2774 1212 2828 est.

301 2875 462 2958 Quisquis
478 2896 524 2952 es,
542 2876 573 2941 O
590 2877 707 2940 faveas
723 2876 911 2958 nostrisque
927 2875 1097 2941 laboribus
1114 2876 1212 2940 adsis.

343 3153 380 3205 ¹7·
406 3142 551 3204 regimen:
576 3142 680 3192 rudder.
728 3141 768 3192 18,
791 3141 917 3192 Oleniae
938 3141 1090 3203 capellae:
1119 3141 1164 3191 the
1191 3148 1251 3206 goat

300 3219 442 3280 Amalthea,
456 3219 539 3269 which
551 3220 655 3268 suckled
672 3219 715 3269 the
733 3220 813 3269 iniant
828 3220 925 3285 Jupiter
936 3221 987 3268 and
998 3235 1050 3269 was
1060 3221 1213 3270 transferred
1223 3228 1251 3271 to

300 3299 398 3349 heaven
410 3317 437 3350 as
449 3317 464 3350 a
476 3302 658 3360 constellation,
670 3317 721 3350 was
732 3302 796 3350 born
808 3317 869 3351 near
879 3302 982 3352 Olenus.
1026 3314 1062 3363 19.
1080 3302 1248 3365 Taygeten:

300 3399 350 3431 one
367 3383 396 3431 ol
409 3383 453 3432 the
470 3384 773 3434 Pleiades—Arcton:
793 3384 837 3433 the
852 3391 922 3448 great
935 3386 1006 3433 Bear.
1041 3397 1080 3434 22.
1097 3382 1248 3447 applicor:

300 3466 320 3514 I
327 3466 582 3516 steen—dextris:
602 3467 642 3515 ie.
654 3479 689 3515 ou
708 3466 751 3516 the
770 3466 835 3529 right
853 3467 906 3516 side
924 3467 953 3516 ol
966 3467 1010 3516 the
1028 3465 1249 3531 ship.-liton:

300 3547 409 3612 poetical
421 3563 464 3597 use
481 3548 588 3597 without
605 3550 645 3598 ad.
680 3562 718 3611 23.
740 3549 853 3599 saltus:
866 3551 929 3614 leap.
964 3562 1003 3615 25.
1020 3549 1152 3601 laticem·
1163 3559 1250 3601 water.

301 3643 340 3694 27.
360 3643 451 3680 aura:
469 3631 555 3680 breare.
590 3643 629 3693 31.
647 3632 781 3694 virginea
797 3631 906 3681 loma:
927 3631 1040 3681 Bacchus
1054 3633 1075 3682 is
1087 3634 1251 3698 represented

301 3713 327 3760 in
340 3720 377 3761 art
395 3729 422 3760 as
440 3712 534 3775 having
551 3712 657 3761 delicate
676 3712 784 3762 features
801 3714 853 3763 and
864 3729 879 3762 a
890 3714 1002 3776 gracelul
1014 3714 1088 3765 form.
1121 3729 1161 3779 32.
1178 3716 1250 3767 utu·

301 3796 387 3844 bale:
407 3803 524 3859 stagger..
