2996 4368
535 286 811 346 rrrncrurrrus
1098 293 1144 370 97

198 473 241 533 nil
257 472 322 534 nisi
337 473 485 536 cedentis
501 471 616 535 infelix
632 472 754 555 adripit
770 493 877 536 auras.

145 592 173 643 60
200 585 335 666 lamque
345 584 463 647 iterum
475 584 619 648 moriens
629 605 695 648 non
705 595 757 648 est
765 585 807 649 de
815 586 957 666 coniuge
967 581 1145 667 quicquam

197 705 313 777 questa
326 716 395 758 suo.
439 696 528 778 Quid
539 695 627 760 enim
637 697 701 760 nisi
716 717 752 761 se
769 707 962 779 quereretur
977 695 1145 760 amatam?

198 807 464 890 Supremumque
487 810 596 885 ‘vale,'
614 808 785 892 quodiam
801 809 856 873 vix
871 809 1006 873 auribus
1021 810 1076 875 ille

197 920 370 1002 acciperet,
388 920 469 983 dixit
485 921 700 1001 revolutaque
717 940 831 983 rursus
848 920 966 984 eodem
982 929 1042 984 est.

177 1093 180 1101 ‚
239 1032 399 1096 Orantem
416 1033 605 1115 frustraque
615 1032 740 1114 ¹iterum
756 1032 897 1096 transire
913 1032 1079 1098 volentem

144 1159 171 1227 65
196 1145 335 1227 portitor
349 1155 510 1209 arcuerat.
557 1145 694 1228 Septem
710 1154 823 1208 tamen
840 1145 894 1209 ille
909 1145 1026 1210 diebus

196 1259 365 1340 squalidus
381 1259 415 1322 in
431 1258 503 1340 ripa
520 1258 651 1323 Cereris
667 1257 738 1336 sine
754 1277 891 1322 munere
908 1257 1012 1333 sedit;

195 1390 273 1433 cura
289 1371 448 1454 dolorque
464 1371 566 1433 animi
582 1370 802 1453 lacrimaeque
819 1369 977 1435 alimenta
991 1370 1094 1434 fuere.

198 1483 281 1546 Esse
297 1484 377 1547 deos
395 1482 497 1547 Erebi
511 1483 654 1560 crudelis
671 1493 817 1565 questus,
835 1482 869 1545 in
886 1483 987 1546 altam

197 1615 232 1659 se
252 1595 369 1679 recipit
392 1591 579 1678 Rhodopen
602 1596 802 1677 pulsumque
823 1595 1033 1679 aquilonibus
1056 1596 1144 1658 Hae·

281 1728 381 1770 mum.

601 1861 738 1897 -ὲ-οοο-

383 2020 518 2138 mx.
557 2065 929 2137 Hrncruruus

238 2263 288 2327 Te
326 2283 467 2346 quoque,
488 2261 695 2348 'Amyclide
736 2261 901 2344 posuisset
935 2261 969 2326 in
1008 2262 1144 2325 aethere

283 2374 446 2451 Phoebus,

196 2487 301 2551 tristia
317 2487 345 2550 si
360 2487 504 2570 spatium
520 2483 667 2569 ponendi
682 2487 752 2551 iata
769 2485 948 2552 dedissent.

197 2600 272 2682 Qua
291 2599 378 2676 licet,
394 2608 549 2663 aeternus
567 2607 680 2662 tamen
699 2619 753 2675 es;
778 2598 998 2681 quotiensque
1014 2598 1144 2680 repellit

195 2732 252 2776 ver
267 2712 421 2788 hiemem,
439 2710 590 2795 Piscique
605 2709 706 2774 Aries
722 2710 869 2775 succedit
884 2731 1018 2793 aquos0,

158 2840 170 2892 5
195 2833 231 2887 tu
244 2826 367 2888 totiens
383 2815 485 2888 oreris
500 2822 662 2906 viridique
678 2823 712 2886 in
728 2821 875 2905 caespite
890 2819 996 2887 flores.

196 2939 245 3000 Te
260 2950 355 3010 meus
370 2945 447 3014 ante
462 2937 570 3000 omnis
586 2934 716 3018 genitor
731 2935 852 3013 dilexit,
870 2945 904 2999 et
919 2935 998 2998 orbe
1161 2953 1273 3012 Apono·

197 3048 228 3111 in
245 3049 353 3113 medio
370 3048 470 3132 positi
486 3058 663 3112 caruerunt
680 3047 832 3130 praeside
850 3049 982 3129 Delphi,
1162 3028 1229 3149 {ff

197 3154 274 3216 dum
291 3154 373 3217 deus
391 3154 539 3216 Eurotan
556 3152 830 3234 immunitumque
846 3153 1037 3234 frequentat
1163 3175 1322 3236 hyacinthus

198 3267 348 3348 Sparten.
382 3268 455 3331 Nec
467 3267 623 3341 citharae,
637 3286 699 3330 nec
712 3274 790 3329 sunt
805 3265 837 3329 in
852 3265 978 3329 honore
994 3263 1144 3347 sagittae.

147 3410 173 3447 ιο
199 3380 376 3450 Immemor
392 3379 464 3461 ipse
480 3378 532 3442 sui
547 3399 613 3441 non
629 3361 711 3441 retia
727 3378 816 3440 ferre
832 3386 973 3453 recusat,

198 3509 263 3552 non
278 3488 553 3564 tenuisse'canes,
570 3507 638 3550 non
655 3506 715 3569 per
730 3485 809 3567 iuga
824 3487 947 3549 montis
963 3484 1068 3568 iniqui

198 3600 243 3664 ire
259 3621 388 3676 comes;
413 3599 580 3681 longaque
596 3599 654 3660 alit
670 3597 889 3660 adsuetudine
905 3597 1064 3659 flammas.
1167 3613 1169 3618 ·

242 3713 380 3794 lamque
396 3712 467 3775 iere
483 3710 612 3774 medius
628 3709 728 3772 Titan
743 3708 908 3772 venientis
924 3716 957 3771 et
973 3716 1067 3770 actae

363 3834 384 3870 fl
