2972 4358
299 330 364 418 178
503 342 751 399 sanserions
782 326 900 400 raom
930 342 1035 399 ovio

360 600 527 673 XLVII.
563 601 682 672 THE
712 602 1078 673 DEIFICATION
1108 602 1177 671 OF

667 727 872 798 CAESAR

337 907 817 971 Caesarinurbesuadeusest.
860 907 969 989 Quem
982 910 1091 971 Marte
1101 917 1247 989 togaque

294 1021 510 1102 praecipuum
527 1039 594 1081 non
611 1020 697 1082 bella
713 1021 819 1100 magis
836 1020 930 1082 finita
946 1021 1122 1102 triumphis

293 1151 412 1213 resque
428 1131 517 1194 domi
529 1140 645 1212 gestae
659 1140 902 1213 properataque
920 1133 1025 1213 gloria
1040 1152 1150 1195 rerum

294 1243 326 1305 in
345 1243 435 1306 sidus
450 1253 579 1306 vertere
596 1263 718 1305 novum
738 1243 933 1326 stellamque
950 1255 1146 1319 comantem,

294 1376 393 1438 quam
407 1376 467 1418 sua
479 1356 666 1436 progenies.
717 1356 837 1438 Neque
850 1357 938 1419 enim
950 1357 991 1419 de
1003 1357 1154 1421 Caesaris
1165 1358 1247 1420 actis
1295 1379 1309 1432 ς

294 1468 397 1529 ullum
408 1477 459 1530 est
470 1468 576 1530 maius
589 1488 674 1549 opus
686 1488 786 1550 quam
797 1468 886 1550 quod
896 1477 991 1550 pater
1001 1470 1125 1532 exstitit
1138 1469 1245 1530 huius

296 1580 428 1644 Scilicet
444 1599 625 1661 aequoreos
642 1580 718 1661 plus
736 1589 787 1643 est
804 1580 970 1643 domuisse
990 1581 1177 1656 Britannos

295 1711 420 1773 perque
437 1692 620 1775 papyriferi
637 1692 836 1772 septemflua
853 1693 989 1754 flumina
1006 1693 1075 1755 Nili

294 1804 437 1867 victricis
452 1804 561 1883 egisse
577 1805 665 1880 ratis,
686 1804 916 1886 Numidasque
933 1805 1063 1867 rebellis

296 1915 564 2000 Cinyphiumque
582 1915 699 1978 Iubam
721 1917 1009 1998 Mithridateisque
1025 1925 1209 1979 tumentem
1278 1936 1310 1971 10

294 2027 483 2090 nominibus
501 2028 641 2090 Pontum
661 2028 786 2110 populo
804 2028 963 2092 adiecisse
981 2029 1121 2111 Quirini,

294 2149 328 2202 et
343 2140 464 2205 multos
480 2140 650 2215 meruisse,
669 2140 796 2221 aliquos
814 2141 923 2220 egisse
939 2142 1135 2222 triumphos,

295 2272 394 2333 quam
407 2261 537 2314 tantum
550 2253 705 2333 genuisse
716 2253 822 2314 virum
835 2253 845 2314 ?
885 2253 961 2335 Quo
972 2253 1122 2335 praeside
1135 2273 1246 2316 rerum

295 2364 441 2426 humano
457 2365 580 2444 generi,
596 2365 716 2445 superi,
737 2364 866 2427 favistis
884 2364 1024 2428 abunde.

340 2476 393 2538 Ne
409 2475 496 2538 foret
517 2475 570 2538 hic
586 2477 687 2556 igitur
703 2477 834 2539 mortali
852 2477 977 2540 semine
994 2486 1112 2553 cretus
1277 2492 1307 2544 Ῑ5

293 2587 348 2650 ille
365 2587 447 2650 deus
464 2588 637 2650 faciendus
654 2597 733 2650 erat.
783 2588 883 2670 Quod
899 2598 935 2651 ut
951 2609 1051 2652 aurea
1066 2589 1147 2652 vidit

295 2699 434 2762 Aeneae
450 2699 609 2781 genetrix,
626 2699 708 2762 vidit
725 2720 857 2782 quoque
873 2701 966 2764 triste
980 2702 1090 2783 parari

295 2812 442 2891 pontifici
458 2812 559 2874 letum
577 2821 610 2874 et
626 2812 798 2875 coniurata
814 2832 906 2874 arma
921 2813 1054 2890 moveri,

295 2923 425 3005 palluit;
442 2933 475 2986 et
490 2924 627 3001 cunctis,
647 2934 682 2987 ut
699 2926 817 3007 cuique
834 2934 905 2987 erat
920 2925 1026 3001 obvia,
1044 2926 1136 3002 divis,

297 3036 478 3118 “Aspice'’
495 3036 636 3112 dicebat,
655 3043 809 3118 “quanta
826 3039 906 3099 mihi
923 3039 1009 3100 mole
1022 3048 1181 3119 parentur
1274 3049 1308 3084 ²⁰

335 3213 442 3262 XLVII.
480 3227 501 3264 1.
514 3216 628 3265 Marte:
641 3215 833 3277 betta-toga:
844 3224 913 3279 pace.
947 3231 972 3276 4.
988 3219 1173 3264 comantem:
1185 3217 1245 3264 with

293 3297 406 3361 trailing
428 3297 509 3353 haim·
538 3313 598 3360 goes
626 3297 686 3346 with
714 3298 819 3355 stellam,
842 3305 922 3346 comet.
969 3310 991 3363 5.
1009 3299 1180 3360 progenies:
1205 3299 1245 3347 ie.

293 3380 428 3440 Augustus,
448 3381 486 3428 his
509 3380 620 3443 adopted
643 3395 697 3427 son.
745 3380 768 3428 6.
792 3381 929 3429 exstitit:
948 3381 978 3428 he
995 3379 1097 3429 became.
1140 3393 1162 3444 7.
1180 3381 1245 3430 eoi·

294 3462 369 3510 licet
381 3463 450 3524 plue
461 3466 524 3512 eet:
545 3464 566 3509 is
587 3463 609 3510 it
621 3462 731 3527 forsooth
750 3478 766 3508 a
779 3470 881 3524 greater
898 3463 992 3526 thing?
1026 3463 1049 3512 8.
1067 3463 1243 3525 papyriferi:

288 3551 406 3608 papyrus
417 3551 441 3600 ψ
446 3546 492 3610 fer
504 3545 565 3591 from
572 3548 638 3608 sera.
646 3572 679 3580 —
687 3545 879 3605 septemflua:
892 3552 980 3608 septem
993 3547 1087 3608 †stua.
1121 3560 1144 3608 9.
1156 3545 1243 3594 ratis:

272 3657 273 3660 =
295 3629 377 3676 navis.
418 3640 455 3675 10.
476 3626 670 3688 Cinyphium:
689 3628 1079 3691 Africanum—tumentem:
1097 3629 1189 3694 puffed
1203 3636 1245 3691 up.

297 3723 334 3759 12.
347 3711 460 3772 egisse:
474 3717 497 3757 ta
505 3709 568 3756 have
579 3709 717 3756 celebrated.
749 3721 786 3770 13.
798 3710 952 3770 praeside:
968 3711 1047 3758 ruler.
1076 3721 1114 3774 15.
1126 3715 1243 3760 cretus:

295 3793 364 3840 barn.
402 3805 438 3852 19.
456 3794 522 3840 erat
539 3791 646 3840 obvia:
667 3798 721 3839 met.
758 3805 795 3839 20.
816 3791 910 3840 mole:
930 3793 1006 3857 effert.
