<?xml version="1.0" encoding="UTF-8"?>
<!DOCTYPE html PUBLIC "-//W3C//DTD XHTML 1.0 Transitional//EN"
    "http://www.w3.org/TR/xhtml1/DTD/xhtml1-transitional.dtd">
<html xmlns="http://www.w3.org/1999/xhtml" xml:lang="en" lang="en">
 <head>
  <title>
</title>
<meta http-equiv="Content-Type" content="text/html;charset=utf-8" />
  <meta name='ocr-system' content='tesseract 3.04.00' />
  <meta name='ocr-capabilities' content='ocr_page ocr_carea ocr_par ocr_line ocrx_word'/>
</head>
<body>
  <div class='ocr_page' id='page_1' title='image "./poemsovidselect00ovidgoog_0201.png"; bbox 0 0 2972 4358; ppageno 0'>
   <div class='ocr_carea' id='block_1_1' title="bbox 339 343 1079 432">
    <p class='ocr_par' dir='ltr' id='par_1_1' title="bbox 339 343 1079 432">
     <span class='ocr_line' id='line_1_1' title="bbox 339 343 1079 432; baseline 0 -22"><span class='ocrx_word' id='word_1_1' title='bbox 339 343 404 432; x_wconf 89' lang='lat'><strong>176</strong></span> <span class='ocrx_word' id='word_1_2' title='bbox 544 353 796 411; x_wconf 85' lang='lat' dir='ltr'><strong>SELECTIONS</strong></span> <span class='ocrx_word' id='word_1_3' title='bbox 827 354 945 411; x_wconf 91' lang='lat' dir='ltr'>FROM</span> <span class='ocrx_word' id='word_1_4' title='bbox 975 353 1079 411; x_wconf 90' lang='lat' dir='ltr'>OVID</span> 
     </span>
    </p>
   </div>
   <div class='ocr_carea' id='block_1_2' title="bbox 141 537 1349 3196">
    <p class='ocr_par' dir='ltr' id='par_1_2' title="bbox 315 537 1284 732">
     <span class='ocr_line' id='line_1_2' title="bbox 336 537 1089 620; baseline 0 -20"><span class='ocrx_word' id='word_1_5' title='bbox 336 537 478 619; x_wconf 86' lang='lat' dir='ltr'><strong>Prodiga</strong></span> <span class='ocrx_word' id='word_1_6' title='bbox 495 537 625 600; x_wconf 88' lang='lat' dir='ltr'><strong>divitias</strong></span> <span class='ocrx_word' id='word_1_7' title='bbox 643 537 866 620; x_wconf 84' lang='lat' dir='ltr'><strong>alimentaque</strong></span> <span class='ocrx_word' id='word_1_8' title='bbox 884 537 975 600; x_wconf 92' lang='lat' dir='ltr'><strong>mitia</strong></span> <span class='ocrx_word' id='word_1_9' title='bbox 992 537 1089 600; x_wconf 88' lang='lat' dir='ltr'><strong>tellus</strong></span> 
     </span>
     <span class='ocr_line' id='line_1_3' title="bbox 315 648 1284 732; baseline 0.001 -21"><span class='ocrx_word' id='word_1_10' title='bbox 315 690 319 696; x_wconf 92' lang='lat'>-</span> <span class='ocrx_word' id='word_1_11' title='bbox 334 650 484 731; x_wconf 86' lang='lat' dir='ltr'>suggerit</span> <span class='ocrx_word' id='word_1_12' title='bbox 495 658 595 731; x_wconf 92' lang='lat' dir='ltr'><strong>atque</strong></span> <span class='ocrx_word' id='word_1_13' title='bbox 603 651 720 730; x_wconf 90' lang='lat' dir='ltr'><strong>epulas</strong></span> <span class='ocrx_word' id='word_1_14' title='bbox 728 649 800 713; x_wconf 90' lang='lat' dir='ltr'><strong>sine</strong></span> <span class='ocrx_word' id='word_1_15' title='bbox 808 650 910 713; x_wconf 89' lang='lat' dir='ltr'><strong>caede</strong></span> <span class='ocrx_word' id='word_1_16' title='bbox 919 659 952 712; x_wconf 91' lang='lat' dir='ltr'><strong>et</strong></span> <span class='ocrx_word' id='word_1_17' title='bbox 963 649 1126 731; x_wconf 89' lang='lat' dir='ltr'><strong>sanguine</strong></span> <span class='ocrx_word' id='word_1_18' title='bbox 1137 648 1284 732; x_wconf 87' lang='lat' dir='ltr'>praebet.</span> 
     </span>
    </p>

    <p class='ocr_par' dir='ltr' id='par_1_3' title="bbox 192 747 1348 1068">
     <span class='ocr_line' id='line_1_4' title="bbox 192 747 1250 858; baseline 0.004 -39"><span class='ocrx_word' id='word_1_19' title='bbox 192 747 220 793; x_wconf 67' lang='lat'><strong>“¹</strong></span> <span class='ocrx_word' id='word_1_20' title='bbox 261 769 285 819; x_wconf 60' lang='lat' dir='ltr'>x</span> <span class='ocrx_word' id='word_1_21' title='bbox 380 762 440 826; x_wconf 87' lang='lat' dir='ltr'><strong>“O</strong></span> <span class='ocrx_word' id='word_1_22' title='bbox 457 770 614 847; x_wconf 86' lang='lat' dir='ltr'><strong>genusat</strong></span> <span class='ocrx_word' id='word_1_23' title='bbox 615 771 686 832; x_wconf 85' lang='lat' dir='ltr'><strong>tom</strong></span> <span class='ocrx_word' id='word_1_24' title='bbox 678 761 904 856; x_wconf 72' lang='lat' dir='ltr'><strong>&#39;tumgelidae</strong></span> <span class='ocrx_word' id='word_1_25' title='bbox 920 761 1108 858; x_wconf 86' lang='lat' dir='ltr'><strong>formidine</strong></span> <span class='ocrx_word' id='word_1_26' title='bbox 1115 762 1250 824; x_wconf 91' lang='lat' dir='ltr'><strong>mortis!</strong></span> 
     </span>
     <span class='ocr_line' id='line_1_5' title="bbox 336 873 1348 968; baseline 0.002 -32"><span class='ocrx_word' id='word_1_27' title='bbox 336 874 424 956; x_wconf 86' lang='lat' dir='ltr'>Quid</span> <span class='ocrx_word' id='word_1_28' title='bbox 443 874 558 958; x_wconf 85' lang='lat' dir='ltr'>Styga,</span> <span class='ocrx_word' id='word_1_29' title='bbox 576 874 671 968; x_wconf 28' lang='lat' dir='ltr'><strong>quid·</strong></span> <span class='ocrx_word' id='word_1_30' title='bbox 671 874 828 937; x_wconf 89' lang='lat' dir='ltr'>tenebras</span> <span class='ocrx_word' id='word_1_31' title='bbox 844 884 878 937; x_wconf 89' lang='lat' dir='ltr'><strong>et</strong></span> <span class='ocrx_word' id='word_1_32' title='bbox 899 875 1033 937; x_wconf 90' lang='lat' dir='ltr'><strong>nomina</strong></span> <span class='ocrx_word' id='word_1_33' title='bbox 1048 894 1136 964; x_wconf 84' lang='lat' dir='ltr'><strong>vana</strong></span> <span class='ocrx_word' id='word_1_34' title='bbox 1151 873 1285 948; x_wconf 79' lang='lat' dir='ltr'><strong>timetiS,</strong></span> <span class='ocrx_word' id='word_1_35' title='bbox 1318 901 1348 938; x_wconf 76' lang='lat'><strong>2&lt;</strong></span> 
     </span>
     <span class='ocr_line' id='line_1_6' title="bbox 335 957 1129 1094; baseline 0 -46"><span class='ocrx_word' id='word_1_36' title='bbox 335 988 507 1080; x_wconf 86' lang='lat' dir='ltr'><strong>materiem</strong></span> <span class='ocrx_word' id='word_1_37' title='bbox 524 995 581 1048; x_wconf 89' lang='lat' dir='ltr'><strong>vat</strong></span> <span class='ocrx_word' id='word_1_38' title='bbox 583 1007 649 1062; x_wconf 90' lang='lat' dir='ltr'><strong>um,</strong></span> <span class='ocrx_word' id='word_1_39' title='bbox 667 961 810 1068; x_wconf 84' lang='lat' dir='ltr'><strong>lalsique</strong></span> <span class='ocrx_word' id='word_1_40' title='bbox 819 986 1034 1094; x_wconf 84' lang='lat' dir='ltr'><strong>pericula</strong></span> <span class='ocrx_word' id='word_1_41' title='bbox 989 957 1129 1048; x_wconf 89' lang='lat' dir='ltr'><strong>mundi?</strong></span> 
     </span>
    </p>

    <p class='ocr_par' dir='ltr' id='par_1_4' title="bbox 141 1099 1349 3196">
     <span class='ocr_line' id='line_1_7' title="bbox 337 1099 1172 1202; baseline -0.002 -39"><span class='ocrx_word' id='word_1_42' title='bbox 337 1099 528 1181; x_wconf 85' lang='lat' dir='ltr'><strong>Corpora</strong></span> <span class='ocrx_word' id='word_1_43' title='bbox 503 1118 572 1161; x_wconf 87' lang='lat' dir='ltr'><strong>srve</strong></span> <span class='ocrx_word' id='word_1_44' title='bbox 581 1119 689 1202; x_wconf 61' lang='lat' dir='ltr'>Q</span> <span class='ocrx_word' id='word_1_45' title='bbox 650 1099 840 1161; x_wconf 87' lang='lat' dir='ltr'><strong>uflamm&#39;a</strong></span> <span class='ocrx_word' id='word_1_46' title='bbox 857 1120 915 1196; x_wconf 78' lang='lat' dir='ltr'><strong>seu</strong></span> <span class='ocrx_word' id='word_1_47' title='bbox 922 1099 1027 1196; x_wconf 58' lang='lat' dir='ltr'><em>Q</em></span> <span class='ocrx_word' id='word_1_48' title='bbox 1019 1108 1172 1189; x_wconf 62' lang='lat' dir='ltr'><strong>vetustas</strong></span> 
     </span>
     <span class='ocr_line' id='line_1_8' title="bbox 337 1209 1143 1293; baseline 0.001 -21"><span class='ocrx_word' id='word_1_49' title='bbox 337 1209 518 1286; x_wconf 88' lang='lat' dir='ltr'><strong>abstulerit,</strong></span> <span class='ocrx_word' id='word_1_50' title='bbox 537 1211 625 1272; x_wconf 86' lang='lat' dir='ltr'><strong>mala</strong></span> <span class='ocrx_word' id='word_1_51' title='bbox 641 1231 739 1293; x_wconf 90' lang='lat' dir='ltr'><strong>posse</strong></span> <span class='ocrx_word' id='word_1_52' title='bbox 756 1211 826 1292; x_wconf 92' lang='lat' dir='ltr'><strong>pati</strong></span> <span class='ocrx_word' id='word_1_53' title='bbox 843 1232 910 1274; x_wconf 92' lang='lat' dir='ltr'><strong>non</strong></span> <span class='ocrx_word' id='word_1_54' title='bbox 927 1211 994 1273; x_wconf 94' lang='lat' dir='ltr'><strong>ulla</strong></span> <span class='ocrx_word' id='word_1_55' title='bbox 1012 1210 1143 1292; x_wconf 78' lang='lat' dir='ltr'><strong>putetis</strong></span> 
     </span>
     <span class='ocr_line' id='line_1_9' title="bbox 226 1323 1199 1414; baseline 0 -29"><span class='ocrx_word' id='word_1_56' title='bbox 226 1403 233 1414; x_wconf 90' lang='lat'><strong>.</strong></span> <span class='ocrx_word' id='word_1_57' title='bbox 338 1324 447 1385; x_wconf 90' lang='lat' dir='ltr'><strong>Morte</strong></span> <span class='ocrx_word' id='word_1_58' title='bbox 460 1332 575 1384; x_wconf 89' lang='lat' dir='ltr'><strong>carent</strong></span> <span class='ocrx_word' id='word_1_59' title='bbox 591 1323 729 1398; x_wconf 87' lang='lat' dir='ltr'><strong>animae,</strong></span> <span class='ocrx_word' id='word_1_60' title='bbox 748 1344 946 1406; x_wconf 88' lang='lat' dir='ltr'><strong>semperque</strong></span> <span class='ocrx_word' id='word_1_61' title='bbox 963 1324 1071 1404; x_wconf 90' lang='lat' dir='ltr'><strong>priore</strong></span> <span class='ocrx_word' id='word_1_62' title='bbox 1084 1323 1199 1385; x_wconf 89' lang='lat' dir='ltr'><strong>relicta</strong></span> 
     </span>
     <span class='ocr_line' id='line_1_10' title="bbox 337 1434 1348 1517; baseline -0.004 -21"><span class='ocrx_word' id='word_1_63' title='bbox 337 1435 416 1496; x_wconf 89' lang='lat' dir='ltr'><strong>sede</strong></span> <span class='ocrx_word' id='word_1_64' title='bbox 432 1436 526 1496; x_wconf 89' lang='lat' dir='ltr'><strong>novis</strong></span> <span class='ocrx_word' id='word_1_65' title='bbox 543 1434 695 1497; x_wconf 90' lang='lat' dir='ltr'><strong>domibus</strong></span> <span class='ocrx_word' id='word_1_66' title='bbox 708 1435 825 1497; x_wconf 91' lang='lat' dir='ltr'><strong>vivunt</strong></span> <span class='ocrx_word' id='word_1_67' title='bbox 841 1435 1059 1517; x_wconf 88' lang='lat' dir='ltr'><strong>habitantque</strong></span> <span class='ocrx_word' id='word_1_68' title='bbox 1076 1443 1240 1516; x_wconf 87' lang='lat' dir='ltr'><strong>receptae.</strong></span> <span class='ocrx_word' id='word_1_69' title='bbox 1316 1458 1348 1508; x_wconf 90' lang='lat'><strong>30</strong></span> 
     </span>
     <span class='ocr_line' id='line_1_11' title="bbox 338 1543 1182 1631; baseline -0.002 -22"><span class='ocrx_word' id='word_1_70' title='bbox 338 1548 416 1628; x_wconf 90' lang='lat' dir='ltr'><strong>Ipse</strong></span> <span class='ocrx_word' id='word_1_71' title='bbox 433 1566 496 1628; x_wconf 87' lang='lat' dir='ltr'><strong>ego</strong></span> <span class='ocrx_word' id='word_1_72' title='bbox 511 1543 605 1630; x_wconf 86' lang='lat' dir='ltr'><strong>(nam</strong></span> <span class='ocrx_word' id='word_1_73' title='bbox 623 1547 772 1631; x_wconf 83' lang='lat' dir='ltr'><strong>memini)</strong></span> <span class='ocrx_word' id='word_1_74' title='bbox 787 1549 924 1610; x_wconf 91' lang='lat' dir='ltr'><strong>Troiani</strong></span> <span class='ocrx_word' id='word_1_75' title='bbox 938 1557 1088 1629; x_wconf 89' lang='lat' dir='ltr'><strong>tempore</strong></span> <span class='ocrx_word' id='word_1_76' title='bbox 1105 1547 1182 1610; x_wconf 92' lang='lat' dir='ltr'><strong>belli</strong></span> 
     </span>
     <span class='ocr_line' id='line_1_12' title="bbox 338 1645 1286 1741; baseline 0 -21"><span class='ocrx_word' id='word_1_77' title='bbox 338 1659 538 1722; x_wconf 87' lang='lat' dir='ltr'><strong>Panthoides</strong></span> <span class='ocrx_word' id='word_1_78' title='bbox 557 1645 759 1741; x_wconf 87' lang='lat' dir='ltr'><strong>Euphorbus</strong></span> <span class='ocrx_word' id='word_1_79' title='bbox 776 1680 876 1735; x_wconf 89' lang='lat' dir='ltr'><strong>eram,</strong></span> <span class='ocrx_word' id='word_1_80' title='bbox 895 1660 948 1722; x_wconf 91' lang='lat' dir='ltr'><strong>cui</strong></span> <span class='ocrx_word' id='word_1_81' title='bbox 965 1669 1099 1741; x_wconf 89' lang='lat' dir='ltr'><strong>pectore</strong></span> <span class='ocrx_word' id='word_1_82' title='bbox 1116 1658 1286 1741; x_wconf 91' lang='lat' dir='ltr'><strong>quondam</strong></span> 
     </span>
     <span class='ocr_line' id='line_1_13' title="bbox 337 1771 1208 1860; baseline 0 -28"><span class='ocrx_word' id='word_1_83' title='bbox 337 1772 445 1834; x_wconf 89' lang='lat' dir='ltr'><strong>haesit</strong></span> <span class='ocrx_word' id='word_1_84' title='bbox 459 1772 493 1832; x_wconf 95' lang='lat' dir='ltr'><strong>in</strong></span> <span class='ocrx_word' id='word_1_85' title='bbox 510 1771 649 1834; x_wconf 89' lang='lat' dir='ltr'><strong>adverso</strong></span> <span class='ocrx_word' id='word_1_86' title='bbox 666 1773 776 1860; x_wconf 74' lang='lat' dir='ltr'><strong>grauis</strong></span> <span class='ocrx_word' id='word_1_87' title='bbox 794 1772 891 1834; x_wconf 89' lang='lat' dir='ltr'><strong>hasta</strong></span> <span class='ocrx_word' id='word_1_88' title='bbox 907 1773 1042 1835; x_wconf 91' lang='lat' dir='ltr'><strong>minoris</strong></span> <span class='ocrx_word' id='word_1_89' title='bbox 1059 1771 1208 1834; x_wconf 89' lang='lat' dir='ltr'><strong>Atridae.</strong></span> 
     </span>
     <span class='ocr_line' id='line_1_14' title="bbox 337 1883 1154 1964; baseline 0.001 -19"><span class='ocrx_word' id='word_1_90' title='bbox 337 1883 488 1964; x_wconf 84' lang='lat' dir='ltr'><strong>Cognovi</strong></span> <span class='ocrx_word' id='word_1_91' title='bbox 504 1883 658 1964; x_wconf 88' lang='lat' dir='ltr'><strong>clipeum,</strong></span> <span class='ocrx_word' id='word_1_92' title='bbox 677 1883 791 1946; x_wconf 89' lang='lat' dir='ltr'><strong>laevae</strong></span> <span class='ocrx_word' id='word_1_93' title='bbox 807 1884 995 1964; x_wconf 87' lang='lat' dir='ltr'><strong>gestamina</strong></span> <span class='ocrx_word' id='word_1_94' title='bbox 1011 1893 1154 1958; x_wconf 89' lang='lat' dir='ltr'><strong>nostrae,</strong></span> 
     </span>
     <span class='ocr_line' id='line_1_15' title="bbox 336 1995 1348 2077; baseline 0.002 -22"><span class='ocrx_word' id='word_1_95' title='bbox 336 2015 443 2076; x_wconf 91' lang='lat' dir='ltr'><strong>nuper</strong></span> <span class='ocrx_word' id='word_1_96' title='bbox 460 1995 624 2058; x_wconf 73' lang='lat' dir='ltr'><strong>Abanteis</strong></span> <span class='ocrx_word' id='word_1_97' title='bbox 641 1995 765 2076; x_wconf 89' lang='lat' dir='ltr'><strong>templo</strong></span> <span class='ocrx_word' id='word_1_98' title='bbox 784 1995 921 2058; x_wconf 90' lang='lat' dir='ltr'><strong>Iunonis</strong></span> <span class='ocrx_word' id='word_1_99' title='bbox 937 1997 971 2056; x_wconf 92' lang='lat' dir='ltr'><strong>in</strong></span> <span class='ocrx_word' id='word_1_100' title='bbox 987 1996 1100 2077; x_wconf 83' lang='lat' dir='ltr'><strong>Argis</strong></span> <span class='ocrx_word' id='word_1_101' title='bbox 1316 2015 1348 2067; x_wconf 85' lang='lat'><strong>35</strong></span> 
     </span>
     <span class='ocr_line' id='line_1_16' title="bbox 381 2106 1260 2182; baseline -0.002 -12"><span class='ocrx_word' id='word_1_102' title='bbox 381 2106 534 2170; x_wconf 86' lang='lat' dir='ltr'><strong>“Omnia</strong></span> <span class='ocrx_word' id='word_1_103' title='bbox 548 2116 726 2182; x_wconf 86' lang='lat' dir='ltr'><strong>mutantur,</strong></span> <span class='ocrx_word' id='word_1_104' title='bbox 741 2107 822 2168; x_wconf 91' lang='lat' dir='ltr'><strong>nihil</strong></span> <span class='ocrx_word' id='word_1_105' title='bbox 839 2107 957 2170; x_wconf 87' lang='lat' dir='ltr'><strong>interit.</strong></span> <span class='ocrx_word' id='word_1_106' title='bbox 1007 2108 1106 2169; x_wconf 91' lang='lat' dir='ltr'><strong>Errat</strong></span> <span class='ocrx_word' id='word_1_107' title='bbox 1122 2116 1155 2169; x_wconf 90' lang='lat' dir='ltr'><strong>et</strong></span> <span class='ocrx_word' id='word_1_108' title='bbox 1170 2106 1260 2169; x_wconf 92' lang='lat' dir='ltr'><strong>illinc</strong></span> 
     </span>
     <span class='ocr_line' id='line_1_17' title="bbox 337 2218 1209 2300; baseline 0.005 -22"><span class='ocrx_word' id='word_1_109' title='bbox 337 2218 401 2280; x_wconf 89' lang='lat' dir='ltr'><strong>huc</strong></span> <span class='ocrx_word' id='word_1_110' title='bbox 417 2220 517 2293; x_wconf 85' lang='lat' dir='ltr'><strong>venit,</strong></span> <span class='ocrx_word' id='word_1_111' title='bbox 535 2219 612 2280; x_wconf 84' lang='lat' dir='ltr'><strong>hinc</strong></span> <span class='ocrx_word' id='word_1_112' title='bbox 628 2219 715 2294; x_wconf 86' lang='lat' dir='ltr'><strong>illue,</strong></span> <span class='ocrx_word' id='word_1_113' title='bbox 730 2228 763 2281; x_wconf 89' lang='lat' dir='ltr'><strong>et</strong></span> <span class='ocrx_word' id='word_1_114' title='bbox 780 2219 946 2299; x_wconf 91' lang='lat' dir='ltr'><strong>quoslibet</strong></span> <span class='ocrx_word' id='word_1_115' title='bbox 961 2228 1103 2300; x_wconf 87' lang='lat' dir='ltr'><strong>occupat</strong></span> <span class='ocrx_word' id='word_1_116' title='bbox 1119 2228 1209 2282; x_wconf 92' lang='lat' dir='ltr'><strong>artus</strong></span> 
     </span>
     <span class='ocr_line' id='line_1_18' title="bbox 336 2331 1206 2412; baseline 0.002 -22"><span class='ocrx_word' id='word_1_117' title='bbox 336 2331 486 2410; x_wconf 91' lang='lat' dir='ltr'><strong>spiritus;</strong></span> <span class='ocrx_word' id='word_1_118' title='bbox 514 2351 598 2412; x_wconf 91' lang='lat' dir='ltr'><strong>eque</strong></span> <span class='ocrx_word' id='word_1_119' title='bbox 615 2331 695 2393; x_wconf 85' lang='lat' dir='ltr'><strong>feris</strong></span> <span class='ocrx_word' id='word_1_120' title='bbox 711 2331 858 2392; x_wconf 90' lang='lat' dir='ltr'><strong>humana</strong></span> <span class='ocrx_word' id='word_1_121' title='bbox 874 2333 907 2392; x_wconf 92' lang='lat' dir='ltr'><strong>in</strong></span> <span class='ocrx_word' id='word_1_122' title='bbox 924 2351 1064 2412; x_wconf 89' lang='lat' dir='ltr'><strong>corpora</strong></span> <span class='ocrx_word' id='word_1_123' title='bbox 1080 2331 1206 2405; x_wconf 89' lang='lat' dir='ltr'><strong>transit,</strong></span> 
     </span>
     <span class='ocr_line' id='line_1_19' title="bbox 335 2442 1164 2524; baseline 0.004 -23"><span class='ocrx_word' id='word_1_124' title='bbox 335 2442 434 2522; x_wconf 91' lang='lat' dir='ltr'><strong>inque</strong></span> <span class='ocrx_word' id='word_1_125' title='bbox 451 2443 540 2504; x_wconf 84' lang='lat' dir='ltr'><strong>feras</strong></span> <span class='ocrx_word' id='word_1_126' title='bbox 556 2452 678 2518; x_wconf 88' lang='lat' dir='ltr'><strong>noster,</strong></span> <span class='ocrx_word' id='word_1_127' title='bbox 697 2461 759 2504; x_wconf 91' lang='lat' dir='ltr'><strong>nec</strong></span> <span class='ocrx_word' id='word_1_128' title='bbox 776 2452 926 2524; x_wconf 89' lang='lat' dir='ltr'><strong>tempore</strong></span> <span class='ocrx_word' id='word_1_129' title='bbox 943 2443 1072 2524; x_wconf 89' lang='lat' dir='ltr'><strong>deperit</strong></span> <span class='ocrx_word' id='word_1_130' title='bbox 1088 2442 1164 2505; x_wconf 90' lang='lat' dir='ltr'><strong>ullo.</strong></span> 
     </span>
     <span class='ocr_line' id='line_1_20' title="bbox 337 2554 1349 2636; baseline 0.005 -19"><span class='ocrx_word' id='word_1_131' title='bbox 337 2554 450 2634; x_wconf 90' lang='lat' dir='ltr'><strong>thue</strong></span> <span class='ocrx_word' id='word_1_132' title='bbox 467 2555 561 2616; x_wconf 92' lang='lat' dir='ltr'><strong>novis</strong></span> <span class='ocrx_word' id='word_1_133' title='bbox 579 2554 686 2616; x_wconf 84' lang='lat' dir='ltr'><strong>facilis</strong></span> <span class='ocrx_word' id='word_1_134' title='bbox 704 2555 854 2635; x_wconf 87' lang='lat' dir='ltr'><strong>signatur</strong></span> <span class='ocrx_word' id='word_1_135' title='bbox 870 2575 947 2618; x_wconf 91' lang='lat' dir='ltr'><strong>cera</strong></span> <span class='ocrx_word' id='word_1_136' title='bbox 963 2555 1088 2636; x_wconf 73' lang='lat' dir='ltr'><strong>figuris</strong></span> <span class='ocrx_word' id='word_1_137' title='bbox 1316 2576 1349 2622; x_wconf 90' lang='lat'><strong>40</strong></span> 
     </span>
     <span class='ocr_line' id='line_1_21' title="bbox 336 2655 1271 2742; baseline 0.002 -16"><span class='ocrx_word' id='word_1_138' title='bbox 336 2685 397 2728; x_wconf 89' lang='lat' dir='ltr'><strong>nec</strong></span> <span class='ocrx_word' id='word_1_139' title='bbox 413 2675 526 2728; x_wconf 92' lang='lat' dir='ltr'><strong>manet</strong></span> <span class='ocrx_word' id='word_1_140' title='bbox 542 2675 579 2728; x_wconf 93' lang='lat' dir='ltr'><strong>ut</strong></span> <span class='ocrx_word' id='word_1_141' title='bbox 595 2667 713 2742; x_wconf 84' lang='lat' dir='ltr'><strong>fuerat,</strong></span> <span class='ocrx_word' id='word_1_142' title='bbox 731 2687 793 2729; x_wconf 89' lang='lat' dir='ltr'><strong>nec</strong></span> <span class='ocrx_word' id='word_1_143' title='bbox 810 2669 953 2730; x_wconf 84' lang='lat' dir='ltr'><strong>formam</strong></span> <span class='ocrx_word' id='word_1_144' title='bbox 971 2677 1080 2730; x_wconf 90' lang='lat' dir='ltr'><strong>servat</strong></span> <span class='ocrx_word' id='word_1_145' title='bbox 1096 2667 1248 2742; x_wconf 89' lang='lat' dir='ltr'><strong>eandem,</strong></span> <span class='ocrx_word' id='word_1_146' title='bbox 1269 2655 1271 2660; x_wconf 39' lang='lat'><strong><em>¹</em></strong></span> 
     </span>
     <span class='ocr_line' id='line_1_22' title="bbox 336 2778 1287 2860; baseline 0.002 -22"><span class='ocrx_word' id='word_1_147' title='bbox 336 2778 394 2839; x_wconf 91' lang='lat' dir='ltr'><strong>sed</strong></span> <span class='ocrx_word' id='word_1_148' title='bbox 422 2787 533 2840; x_wconf 89' lang='lat' dir='ltr'><strong>tamen</strong></span> <span class='ocrx_word' id='word_1_149' title='bbox 565 2779 638 2860; x_wconf 92' lang='lat' dir='ltr'><strong>ipsa</strong></span> <span class='ocrx_word' id='word_1_150' title='bbox 666 2778 783 2841; x_wconf 88' lang='lat' dir='ltr'><strong>eadem</strong></span> <span class='ocrx_word' id='word_1_151' title='bbox 811 2789 879 2856; x_wconf 90' lang='lat' dir='ltr'><strong>est;</strong></span> <span class='ocrx_word' id='word_1_152' title='bbox 916 2780 1060 2841; x_wconf 89' lang='lat' dir='ltr'><strong>animam</strong></span> <span class='ocrx_word' id='word_1_153' title='bbox 1084 2780 1131 2841; x_wconf 88' lang='lat' dir='ltr'><strong>sic</strong></span> <span class='ocrx_word' id='word_1_154' title='bbox 1155 2799 1287 2859; x_wconf 88' lang='lat' dir='ltr'><strong>semper</strong></span> 
     </span>
     <span class='ocr_line' id='line_1_23' title="bbox 143 2891 564 2953; baseline -0.002 -1"><span class='ocrx_word' id='word_1_155' title='bbox 143 2897 200 2944; x_wconf 81' lang='lat' dir='ltr'><strong>so·</strong></span> <span class='ocrx_word' id='word_1_156' title='bbox 423 2891 564 2953; x_wconf 90' lang='lat' dir='ltr'><strong>eandem</strong></span> 
     </span>
     <span class='ocr_line' id='line_1_24' title="bbox 142 2972 1098 3091; baseline 0.002 -27"><span class='ocrx_word' id='word_1_157' title='bbox 142 2972 203 3091; x_wconf 53' lang='lat'><em>{¹221</em></span> <span class='ocrx_word' id='word_1_158' title='bbox 335 3022 418 3077; x_wconf 89' lang='lat' dir='ltr'><strong>esse,</strong></span> <span class='ocrx_word' id='word_1_159' title='bbox 436 3002 544 3064; x_wconf 90' lang='lat' dir='ltr'><strong>sedin</strong></span> <span class='ocrx_word' id='word_1_160' title='bbox 561 3004 669 3065; x_wconf 86' lang='lat' dir='ltr'><strong>varias</strong></span> <span class='ocrx_word' id='word_1_161' title='bbox 687 2985 789 3066; x_wconf 88' lang='lat' dir='ltr'><strong>doceo</strong></span> <span class='ocrx_word' id='word_1_162' title='bbox 805 3005 949 3085; x_wconf 88' lang='lat' dir='ltr'><strong>migrare</strong></span> <span class='ocrx_word' id='word_1_163' title='bbox 965 3004 1098 3085; x_wconf 82' lang='lat' dir='ltr'><strong>figuras</strong></span> 
     </span>
     <span class='ocr_line' id='line_1_25' title="bbox 141 3114 1102 3196; baseline 0.003 -21"><span class='ocrx_word' id='word_1_164' title='bbox 141 3119 251 3166; x_wconf 70' lang='lat' dir='ltr'><strong>remane</strong></span> <span class='ocrx_word' id='word_1_165' title='bbox 337 3114 436 3194; x_wconf 88' lang='lat' dir='ltr'><strong>Ergo,</strong></span> <span class='ocrx_word' id='word_1_166' title='bbox 454 3134 496 3176; x_wconf 89' lang='lat' dir='ltr'><strong>ne</strong></span> <span class='ocrx_word' id='word_1_167' title='bbox 513 3116 619 3195; x_wconf 86' lang='lat' dir='ltr'><strong>pietas</strong></span> <span class='ocrx_word' id='word_1_168' title='bbox 637 3116 678 3177; x_wconf 90' lang='lat' dir='ltr'><strong>sit</strong></span> <span class='ocrx_word' id='word_1_169' title='bbox 694 3116 781 3177; x_wconf 86' lang='lat' dir='ltr'><strong>victa</strong></span> <span class='ocrx_word' id='word_1_170' title='bbox 797 3115 952 3196; x_wconf 90' lang='lat' dir='ltr'><strong>cupidine</strong></span> <span class='ocrx_word' id='word_1_171' title='bbox 969 3117 1102 3191; x_wconf 90' lang='lat' dir='ltr'><strong>ventris,</strong></span> 
     </span>
    </p>
   </div>
   <div class='ocr_carea' id='block_1_3' title="bbox 141 3194 1348 3413">
    <p class='ocr_par' dir='ltr' id='par_1_5' title="bbox 141 3194 1348 3413">
     <span class='ocr_line' id='line_1_26' title="bbox 141 3194 1348 3314; baseline -0.007 -21"><span class='ocrx_word' id='word_1_172' title='bbox 141 3194 212 3314; x_wconf 52' lang='lat'><em>{2120</em></span> <span class='ocrx_word' id='word_1_173' title='bbox 335 3227 468 3308; x_wconf 88' lang='lat' dir='ltr'><strong>parcite,</strong></span> <span class='ocrx_word' id='word_1_174' title='bbox 486 3227 656 3301; x_wconf 89' lang='lat' dir='ltr'><strong>vaticinor,</strong></span> <span class='ocrx_word' id='word_1_175' title='bbox 675 3236 835 3307; x_wconf 88' lang='lat' dir='ltr'><strong>cognatas</strong></span> <span class='ocrx_word' id='word_1_176' title='bbox 853 3228 954 3290; x_wconf 88' lang='lat' dir='ltr'><strong>caede</strong></span> <span class='ocrx_word' id='word_1_177' title='bbox 971 3227 1118 3290; x_wconf 79' lang='lat' dir='ltr'><strong>nefanda</strong></span> <span class='ocrx_word' id='word_1_178' title='bbox 1316 3260 1348 3312; x_wconf 79' lang='lat'><strong>45</strong></span> 
     </span>
     <span class='ocr_line' id='line_1_27' title="bbox 335 3329 1224 3413; baseline 0.002 -22"><span class='ocrx_word' id='word_1_179' title='bbox 335 3329 510 3392; x_wconf 88' lang='lat' dir='ltr'><strong>exturbare</strong></span> <span class='ocrx_word' id='word_1_180' title='bbox 527 3331 674 3407; x_wconf 89' lang='lat' dir='ltr'><strong>animas;</strong></span> <span class='ocrx_word' id='word_1_181' title='bbox 699 3349 761 3393; x_wconf 87' lang='lat' dir='ltr'><strong>nec</strong></span> <span class='ocrx_word' id='word_1_182' title='bbox 778 3333 942 3412; x_wconf 87' lang='lat' dir='ltr'><strong>sanguine</strong></span> <span class='ocrx_word' id='word_1_183' title='bbox 955 3332 1091 3413; x_wconf 85' lang='lat' dir='ltr'><strong>sanguis</strong></span> <span class='ocrx_word' id='word_1_184' title='bbox 1108 3332 1224 3394; x_wconf 87' lang='lat' dir='ltr'><strong>alatur.</strong></span> 
     </span>
    </p>
   </div>
   <div class='ocr_carea' id='block_1_4' title="bbox 333 3553 1286 3860">
    <p class='ocr_par' dir='ltr' id='par_1_6' title="bbox 333 3553 1286 3860">
     <span class='ocr_line' id='line_1_28' title="bbox 376 3553 1286 3618; baseline 0.002 -20"><span class='ocrx_word' id='word_1_185' title='bbox 376 3564 414 3614; x_wconf 86' lang='lat'><strong>23.</strong></span> <span class='ocrx_word' id='word_1_186' title='bbox 436 3553 581 3614; x_wconf 75' lang='lat' dir='ltr'><strong>suggerit:</strong></span> <span class='ocrx_word' id='word_1_187' title='bbox 607 3554 722 3617; x_wconf 81' lang='lat' dir='ltr'><strong>supplies.</strong></span> <span class='ocrx_word' id='word_1_188' title='bbox 764 3565 801 3617; x_wconf 88' lang='lat'><strong>27.</strong></span> <span class='ocrx_word' id='word_1_189' title='bbox 824 3567 929 3616; x_wconf 65' lang='lat' dir='ltr'><strong>rogum</strong></span> <span class='ocrx_word' id='word_1_190' title='bbox 948 3554 1063 3618; x_wconf 82' lang='lat' dir='ltr'><strong>sumral</strong></span> <span class='ocrx_word' id='word_1_191' title='bbox 1076 3554 1286 3617; x_wconf 71' lang='lat' dir='ltr'><strong>pyra—tabe:</strong></span> 
     </span>
     <span class='ocr_line' id='line_1_29' title="bbox 333 3633 1284 3700; baseline 0.002 -19"><span class='ocrx_word' id='word_1_192' title='bbox 333 3633 414 3696; x_wconf 81' lang='lat' dir='ltr'><strong>decay.</strong></span> <span class='ocrx_word' id='word_1_193' title='bbox 457 3648 496 3696; x_wconf 87' lang='lat'><strong>33.</strong></span> <span class='ocrx_word' id='word_1_194' title='bbox 514 3636 637 3684; x_wconf 76' lang='lat' dir='ltr'><strong>minoris</strong></span> <span class='ocrx_word' id='word_1_195' title='bbox 655 3635 797 3685; x_wconf 77' lang='lat' dir='ltr'><strong>Atridae:</strong></span> <span class='ocrx_word' id='word_1_196' title='bbox 820 3637 860 3685; x_wconf 78' lang='lat' dir='ltr'><strong>ie.</strong></span> <span class='ocrx_word' id='word_1_197' title='bbox 882 3636 1022 3684; x_wconf 84' lang='lat' dir='ltr'><strong>Menelaus.</strong></span> <span class='ocrx_word' id='word_1_198' title='bbox 1057 3648 1096 3700; x_wconf 86' lang='lat'><strong>35.</strong></span> <span class='ocrx_word' id='word_1_199' title='bbox 1118 3635 1284 3684; x_wconf 79' lang='lat' dir='ltr'><strong>Abanteis:</strong></span> 
     </span>
     <span class='ocr_line' id='line_1_30' title="bbox 333 3717 1285 3782; baseline 0.002 -19"><span class='ocrx_word' id='word_1_200' title='bbox 333 3717 474 3765; x_wconf 84' lang='lat' dir='ltr'><strong>Abantean.</strong></span> <span class='ocrx_word' id='word_1_201' title='bbox 509 3730 548 3780; x_wconf 86' lang='lat'><strong>37.</strong></span> <span class='ocrx_word' id='word_1_202' title='bbox 565 3721 663 3766; x_wconf 74' lang='lat' dir='ltr'><strong>artus:</strong></span> <span class='ocrx_word' id='word_1_203' title='bbox 671 3720 779 3782; x_wconf 77' lang='lat' dir='ltr'><strong>frames.</strong></span> <span class='ocrx_word' id='word_1_204' title='bbox 811 3732 851 3778; x_wconf 91' lang='lat'><strong>40.</strong></span> <span class='ocrx_word' id='word_1_205' title='bbox 866 3731 949 3768; x_wconf 78' lang='lat' dir='ltr'><strong>cera:</strong></span> <span class='ocrx_word' id='word_1_206' title='bbox 968 3734 1036 3766; x_wconf 80' lang='lat' dir='ltr'><strong>wax.</strong></span> <span class='ocrx_word' id='word_1_207' title='bbox 1069 3730 1109 3782; x_wconf 85' lang='lat'><strong>45.</strong></span> <span class='ocrx_word' id='word_1_208' title='bbox 1121 3717 1285 3767; x_wconf 81' lang='lat' dir='ltr'><strong>vaticinor:</strong></span> 
     </span>
     <span class='ocr_line' id='line_1_31' title="bbox 334 3801 525 3860; baseline 0.01 -15"><span class='ocrx_word' id='word_1_209' title='bbox 334 3801 353 3845; x_wconf 87' lang='lat' dir='ltr'><em>J</em></span> <span class='ocrx_word' id='word_1_210' title='bbox 371 3814 447 3846; x_wconf 86' lang='lat' dir='ltr'><strong>warn</strong></span> <span class='ocrx_word' id='word_1_211' title='bbox 465 3815 525 3860; x_wconf 86' lang='lat' dir='ltr'><strong>you.</strong></span> 
     </span>
    </p>
   </div>
   <div class='ocr_carea' id='block_1_5' title="bbox 0 0 1490 4358">
    <p class='ocr_par' dir='ltr' id='par_1_7' title="bbox 0 0 1490 4358">
     <span class='ocr_line' id='line_1_32' title="bbox 0 0 1490 4358; baseline 0 0"><span class='ocrx_word' id='word_1_212' title='bbox 0 0 1490 4358; x_wconf 95' lang='lat' dir='ltr'><strong> </strong></span> 
     </span>
    </p>
   </div>
  </div>
 </body>
</html>
