2996 4368
116 2761 166 2807 Her

116 2836 216 2883 Suitors

317 324 382 393 118
519 333 770 422 SELECTIONS
800 333 919 393 FROM
949 335 1055 394 OVlD

311 517 435 582 Utilius
452 528 578 581 starent
593 520 692 581 etiam
709 539 797 581 nunc
814 519 945 583 moenia
961 519 1086 583 Phoebi
1292 519 1323 586 ⁶5

352 627 492 712 (irascor
507 630 593 693 votis
610 631 674 694 heu
690 631 772 693 levis
788 631 862 712 ipsa
878 633 961 694 meis
973 630 997 715 !)
1006 654 1013 708 ;

311 741 429 805 scirem
446 742 502 804 ubi
518 762 696 824 pugnares,
713 753 747 805 et
763 752 892 805 tantum
908 742 996 806 bella
1011 743 1173 819 timerem,

353 863 387 917 et
403 874 477 917 mea
493 875 568 917 cum
585 855 697 917 multis
712 857 825 918 iuncta
841 856 987 937 querella
1003 856 1099 919 foret.

311 966 403 1048 Quid
418 968 563 1041 timeam,
581 966 715 1047 ignor03
741 967 840 1029 timeo
857 976 969 1030 tamen
986 967 1098 1031 omnia
1113 968 1261 1045 demens,

353 1088 387 1142 et
404 1089 496 1161 patet
512 1081 546 1140 in
562 1099 659 1142 curas
675 1099 752 1141 area
768 1079 835 1141 lata
851 1099 951 1142 meas
1291 1103 1324 1152 70

311 1190 551 1273 Quaecumque
576 1211 701 1272 aequor
724 1189 834 1266 habet,
861 1212 1090 1274 quaecumque
1117 1191 1264 1275 pericula

397 1304 505 1378 tellus,

354 1424 422 1477 tam
438 1415 559 1496 longae
575 1434 693 1477 causas
710 1415 862 1496 suspicor
877 1436 951 1479 esse
968 1395 1090 1480 morae.

312 1527 465 1589 Forsitan
481 1536 515 1590 et
530 1546 645 1589 narres
661 1547 759 1608 quam
778 1527 820 1590 sit
835 1527 894 1590 tibi
910 1529 1032 1591 rustica
1048 1529 1200 1604 coniunx,

354 1660 439 1720 quae
455 1648 586 1701 tantum
602 1639 697 1701 lanas
713 1659 781 1701 non
798 1639 885 1702 sinat
901 1660 975 1703 esse
991 1641 1091 1703 rudis.

311 1751 423 1813 Fallar
438 1759 472 1813 et
488 1751 550 1813 hoc
568 1749 692 1814 crimen
708 1751 818 1814 tenuis
834 1761 992 1814 vanescat
1008 1751 1042 1814 in
1059 1773 1166 1829 auras,
1290 1774 1323 1826 75

353 1882 438 1926 neve
455 1862 642 1925 revertendi
658 1863 740 1926 liber
756 1863 874 1927 abesse
891 1865 982 1927 velis.

312 1976 369 2037 Me
386 1984 481 2056 pater
498 1973 624 2037 Icarius
640 1975 739 2038 viduo
756 1976 928 2039 discedere
944 1976 1029 2040 lecto

353 2087 443 2167 cogit
458 2095 492 2150 et
507 2086 688 2149 immensas
704 2087 854 2168 increpat
871 2109 976 2170 usque
993 2109 1111 2152 moras.

312 2201 468 2280 Increpet
483 2219 588 2280 usque
608 2199 693 2262 licet.
740 2201 815 2262 Tua
831 2220 914 2276 sum,
932 2210 989 2263 tua
1004 2202 1096 2264 dicar
1110 2210 1260 2283 oportet;

355 2311 522 2391 Penelope
539 2313 683 2373 coniunx
698 2331 831 2393 semper
848 2313 957 2377 Ulixis
972 2333 1036 2376 ero.
1287 2331 1323 2382 80

311 2424 372 2486 Ille
388 2433 500 2485 tamen
517 2423 641 2503 pietate
657 2443 732 2486 mea
748 2422 969 2508 precibusque
986 2425 1116 2507 pudicis

353 2535 520 2616 frangitur
536 2544 570 2597 et
585 2535 663 2598 viris
680 2545 846 2617 temperat
862 2536 933 2618 ipse
950 2557 1036 2600 suas.

310 2648 457 2711 Dulichii
474 2648 644 2730 Samiique
660 2658 693 2711 et
709 2669 794 2731 quos
810 2649 886 2711 tulit
902 2650 970 2712 alta
986 2650 1188 2734 Zacynthos,
1305 2705 1307 2712 .

351 2759 448 2821 turba
463 2770 564 2822 ruunt
580 2762 614 2823 in
632 2780 684 2823 me
701 2760 868 2823 luxuriosa
885 2761 985 2842 proci,

282 2915 287 2926 .
308 2871 408 2953 inque
424 2881 482 2934 tua
497 2881 640 2953 regnant
656 2872 755 2934 nullis
772 2872 1026 2953 prohibentibus
1042 2873 1135 2949 aula3
1287 2893 1320 2958 85

351 2983 478 3046 viscera
495 2994 618 3058 nostra,
635 2993 713 3047 tuae
729 2984 952 3047 dilacerantur
967 3005 1057 3066 opes.

308 3094 398 3177 Quid
421 3095 481 3158 tibi
506 3097 703 3158 Pisandrum
728 3095 957 3180 Polybumque
983 3098 1208 3180 Medontaque

395 3206 502 3269 dirum

352 3319 621 3403 Eurymachique
638 3320 753 3383 avidas
770 3319 977 3402 Antinoique
994 3342 1113 3384 manus

306 3441 407 3512 atque
423 3431 506 3494 alios
521 3432 675 3508 referam,
694 3453 777 3514 quos
793 3433 901 3495 omnis
917 3433 1058 3514 turpiter
1074 3434 1196 3496 absens

349 3543 421 3625 ipse
438 3553 495 3606 tuo
512 3544 615 3625 partis
632 3545 798 3626 sanguine
815 3544 914 3607 rebus
932 3545 1014 3607 alis?
1285 3567 1318 3616 90

306 3655 381 3718 Irus
397 3675 501 3736 egens
517 3656 712 3738 pecorisque
730 3657 936 3719 Melanthius
952 3667 1044 3720 actor
1060 3658 1181 3721 edendi

349 3767 483 3829 ultimus
499 3767 663 3829 accedunt
679 3769 712 3829 in
730 3777 787 3829 tua
803 3768 925 3830 damna
941 3769 1057 3850 pudor.
