2972 4358
628 357 760 414 ARION

255 558 357 602 aurea
371 539 413 602 de
429 560 548 621 campo
563 540 674 604 vellite
691 541 786 623 signa
802 562 886 605 meo.

211 651 375 732 Corniger
390 652 554 733 increpuit
571 653 688 737 thyrso
704 654 855 735 graviore
875 655 1029 739 Lyaeus;

256 763 421 844 pulsanda
437 775 488 828 est
503 765 634 847 magnis
651 787 729 829 area
745 766 849 830 maior
864 769 966 849 equis.

212 875 371 939 Imbelles
386 878 482 959 elegi,
500 879 639 959 genialis
657 880 765 956 Musa,
782 880 900 956 valete,

151 1012 181 1046 20
256 997 334 1069 post
349 1008 423 1052 mea
439 1010 631 1053 mansurum
649 991 718 1054 fata
734 1001 903 1074 superstes
918 1012 1012 1074 opus,

621 1192 757 1218 -οοο-

560 1338 816 1411 L.·AR10N

211 1517 312 1598 Quod
329 1537 420 1580 mare
436 1539 501 1581 non
519 1518 619 1594 novit,
637 1540 722 1601 quae
739 1521 845 1584 nescit
861 1522 990 1584 Ariona
1006 1521 1126 1602 tellus?
1180 1511 1233 1574 rie

257 1629 413 1694 Carmine
430 1630 592 1693 currentis
609 1631 662 1693 ille
680 1630 815 1695 tenebat
831 1653 943 1715 aquas.
1180 1602 1258 1724 Zeno

211 1741 323 1820 Saepe
340 1761 483 1823 sequens
499 1762 622 1823 agnam
638 1742 738 1825 lupus
751 1753 803 1806 est
819 1765 838 1806 a
855 1765 935 1808 voce
952 1755 1111 1821 retentus,
1181 1747 1256 1794 anon

255 1872 356 1934 saepe
374 1853 506 1915 avidum
524 1854 659 1936 fugiens
675 1857 795 1919 restitit
811 1877 899 1938 agna
917 1858 1051 1938 lupum;

164 1981 179 2033 5
210 1985 312 2045 saepe
328 1985 429 2028 canes
446 1967 643 2049 leporesque
659 1966 776 2030 umbra
792 1969 922 2032 iacuere
939 1968 1000 2031 sub
1017 1989 1093 2044 una,

254 2086 288 2140 et
305 2079 396 2140 stetit
417 2080 451 2140 in
468 2099 547 2141 saxo
565 2079 713 2160 proxima
730 2101 828 2143 cerva
844 2080 933 2157 leae;

208 2199 243 2253 et
260 2191 330 2253 sine
347 2189 403 2253 lite
420 2191 541 2273 loquax
557 2213 633 2254 cum
651 2192 793 2256 Palladis
810 2194 886 2256 alite
903 2194 1015 2256 cornix

255 2303 349 2377 sedit,
367 2311 401 2365 et
417 2303 566 2386 accipitri
582 2303 695 2367 iuncta
711 2304 864 2367 columba
880 2305 952 2367 fuit.
1048 2366 1049 2369 ,

213 2414 359 2497 Cynthia
375 2435 477 2496 saepe
494 2417 559 2478 tuis
576 2416 691 2492 fertur,
708 2417 832 2480 vocalis
849 2417 965 2492 Arion,

151 2540 182 2574 ¹0
255 2535 425 2616 tamquam
443 2527 600 2590 fraternis
615 2523 826 2608 obstupuisse
844 2529 959 2591 modis.

212 2637 346 2700 Nomen
363 2638 539 2701 Arionium
554 2639 683 2703 Siculas
700 2638 896 2719 impleverat
911 2636 1010 2713 urbis,
1070 2665 1072 2672 ,

255 2758 419 2831 captaque
438 2759 509 2812 erat
525 2751 637 2835 lyricis
654 2750 803 2813 Ausonis
820 2769 877 2812 ora
893 2751 992 2812 sonis.

212 2860 297 2923 Inde
314 2861 449 2939 domum
466 2871 621 2945 repetens
639 2882 788 2944 puppem
804 2862 999 2924 conscendit
1014 2861 1132 2937 Arion,

256 2983 357 3054 atque
369 2975 415 3036 ita
431 2974 598 3056 quaesitas
615 2984 684 3037 arte
701 2974 831 3037 ferebat
846 2993 936 3053 opes.

259 3141 296 3189 16.
320 3154 411 3191 aurea
432 3143 529 3205 algua:
552 3144 594 3192 i.e.
617 3143 659 3192 the
681 3143 812 3192 standards
831 3142 860 3190 os
880 3142 943 3190 love.
984 3154 1020 3205 17.
1040 3141 1162 3204 thyrso:

171 3227 174 3238 ⁴
210 3225 297 3282 wanoi,
309 3239 325 3272 a
342 3231 406 3272 stem
424 3226 516 3274 twined
535 3225 595 3275 with
616 3225 961 3286 vine-shoon.-1.yaeus:
981 3224 1023 3272 i.e.
1042 3223 1164 3282 Bacchus,

212 3306 269 3355 who
286 3322 338 3355 was
355 3309 499 3356 sometimes
517 3309 677 3372 represented
698 3308 757 3357 with
777 3307 861 3356 horus.
908 3306 945 3355 18.
963 3319 1033 3356 area
1052 3307 1161 3355 maior:

212 3389 254 3437 i.e.
267 3388 299 3436 he
309 3397 375 3438 must
387 3397 445 3438 turn
457 3398 483 3439 to
493 3406 508 3438 a
518 3391 606 3454 higher
621 3390 682 3454 style
701 3391 730 3439 of
744 3398 839 3454 poetry.
889 3402 928 3438 20.
945 3389 1022 3438 iata:
1042 3389 1122 3436 death.
1131 3415 1164 3424 —

212 3476 383 3533 superstes:
402 3475 530 3532 surviver,
543 3475 612 3538 pred.
624 3474 687 3522 aster
700 3489 862 3522 mansurum.

255 3555 284 3602 L.
315 3567 338 3620 5.
359 3555 491 3617 lepores:
514 3558 594 3606 hares.
632 3557 656 3605 6.
680 3558 760 3606 leae:
780 3557 877 3604 lioness.
919 3567 940 3619 7.
959 3555 1027 3604 ute:
1048 3555 1160 3617 quarrel.

213 3637 387 3686 -Palladis
398 3639 485 3688 alite:
503 3642 544 3687 i.e.
559 3638 602 3702 the
615 3639 670 3688 owl.
709 3639 731 3688 8.
752 3638 905 3699 accipitri:
924 3637 1006 3686 hawk.
1043 3649 1067 3698 9.
1087 3636 1162 3697 Cyn·

213 3719 291 3769 thia:
306 3720 346 3768 ie.
359 3720 603 3771 Diana—fertur:
619 3723 641 3769 is
652 3722 715 3769 said.
756 3734 793 3768 10.
810 3721 962 3770 fraternis:
982 3719 1024 3767 ie.
1040 3718 1160 3782 Apollo’s.

217 3815 252 3850 12.
274 3803 422 3852 Ausonis:
436 3803 477 3852 i.e.
493 3805 602 3853 Italian.
639 3817 676 3865 14.
697 3803 866 3866 quaesitas:
878 3802 1004 3866 acquired.
