944 1275
170 223 230 236 Hanni-n

267 176 292 194 90
372 173 498 188 SELECTIONS
513 173 572 187 FROM
587 173 639 187 OVID

290 219 351 240 “Ergo
359 224 391 240 ego
399 219 496 235 foedantem
505 219 593 240 peregrino
600 219 663 240 templa
671 224 729 235 cruore
758 222 775 235 80

170 243 251 254 „amram
268 247 334 263 Busirin
343 247 411 263 domui?
434 248 521 268 Saevoque
529 247 609 263 alimenta
617 247 691 268 parentis

267 275 336 291 Antaeo
344 275 409 296 eripui?
432 276 468 291 Nec
477 280 503 291 me
511 275 583 296 pastoris
592 275 651 291 Hiberi

267 304 322 320 forma
326 304 391 324 triplex,
397 309 428 319 nec
434 303 488 319 {orma
493 303 553 324 triplex
558 305 592 322 tua,
598 303 675 323 Cerbere,
681 303 744 319 movit?

267 332 330 351 Vosne,
339 337 403 351 manus,
411 331 462 347 validi
470 331 554 352 pressistis
561 336 625 347 cornua
632 331 686 347 muri?

427 598 518 611 (insequimini

269 638 347 654 Vestrum
360 643 403 659 opus
417 637 452 653 Elis
465 637 521 657 habet,
533 640 607 653 vestrum
619 637 745 659 Stymphalides

312 666 367 681 undae
759 667 775 684 85

269 694 410 714 Partheniumque
418 693 489 709 nemus?
507 694 569 710 Vestra
577 694 638 709 virtute
646 693 708 709 relatus

268 722 421 738 Thermodontiaco
429 721 503 738 caelatus
511 721 576 737 balteus
584 726 629 740 suro,

269 755 352 770 pomaque
360 749 381 765 ab
389 749 461 765 insomni
469 749 584 765 concustodita
592 749 675 765 dracone?

269 778 306 794 Nec
314 778 355 793 mihi
363 777 442 794 Centauri
451 780 520 798 potuere
528 778 610 796 resistere,
619 782 650 793 nec
659 777 681 793 mi

268 806 352 822 Arcadiae
360 808 434 821 vastator
441 805 493 826 aper?
516 805 553 821 Nec
561 805 624 826 profuit
632 805 696 827 hydrae
758 812 775 825 9⁰

268 839 343 850 crescere
351 839 382 854 per
389 833 468 849 damnum
477 833 586 854 geminasque
594 838 678 849 resumere
685 833 735 849 viris?

268 862 318 882 Quid,
324 862 368 882 quod
373 862 444 877 Thracis
449 866 501 882 equos
506 861 580 877 humano
588 862 669 882 sanguine
677 861 744 882 pinguis

268 890 351 910 plenaque
360 889 458 910 corporibus
466 889 525 905 laceris
533 889 632 910 praesaepia
639 889 674 905 vidi

267 918 336 938 visaque
344 918 397 934 deieci
405 917 523 938 dominumque
531 918 610 938 ipsosque
619 917 692 938 peremi?

269 946 301 962 His
309 946 350 962 elisa
358 945 401 961 iacet
408 945 461 961 moles
469 945 555 961 Nemeaea
563 945 633 964 lacertis,
758 953 774 966 95

268 974 300 990 hac
308 974 372 990 caelum
381 973 445 989 cervice
453 973 488 989 tulii
513 973 586 989 Defessa
594 973 667 989 iubendo
675 976 701 989 est

268 1007 319 1018 saeva
328 1002 372 1018 Iovis
381 1001 458 1020 coniunx,
468 1006 500 1022 ego
509 1006 545 1017 sum
553 1001 649 1017 indefessus
657 1001 728 1022 agendo.

291 1031 300 1038 ¹‘
306 1030 339 1046 Sed
348 1035 391 1045 nova
399 1029 452 1050 pestis
459 1029 511 1048 adest,
520 1029 547 1045 cui
555 1034 586 1045 nec
594 1029 655 1045 virtute
663 1029 718 1045 resisti
