2948 4368
501 653 595 724 XII.
629 651 800 724 NIOBE

228 853 338 936 Lydia
354 863 424 916 tota
439 853 559 928 fremit,
579 853 810 938 Phrygiaeque
826 873 886 935 per
902 855 1026 936 oppida
1042 853 1124 918 facti
1153 849 1206 896 ΗΘ

181 985 297 1027 rumor
313 965 338 1026 it
353 974 387 1028 et
402 985 560 1047 magnum
578 965 785 1028 sermonibus
801 976 944 1046 occupat
959 965 1082 1029 orbem.
1153 924 1232 1046 22⁰1!

183 1077 278 1139 Ante
295 1097 373 1140 suos
390 1077 499 1140 Niobe
516 1077 680 1140 thalamos
697 1087 900 1158 cognoverat
915 1077 1014 1152 illam,
1153 1073 1268 1120 fflffl‘

182 1198 255 1250 tum
272 1209 348 1250 curn
366 1190 557 1252 Maeoniam
573 1189 667 1270 virgo
685 1189 904 1271 Sipylumque
920 1189 1068 1266 colebat;

138 1322 153 1373 5
183 1320 247 1362 nec
263 1310 376 1363 tamen
393 1301 562 1364 admonita
577 1311 629 1364 est
648 1321 757 1382 poena
773 1301 943 1383 popularis
959 1303 1135 1366 Arachnes

79 1427 81 1430 ·
183 1413 305 1476 cedere
321 1413 493 1476 caelitibus
508 1413 684 1494 verbisque
701 1413 883 1476 minoribus
899 1416 956 1477 uti.

185 1522 296 1586 Multa
323 1525 448 1588 dabant
478 1525 615 1588 animos.
682 1525 750 1589 Sed
778 1526 866 1588 enim
894 1547 955 1590 nec
985 1526 1136 1608 coniugis

272 1646 370 1712 artes

184 1769 248 1812 nec
264 1768 371 1830 genus
388 1749 560 1812 amborum
577 1750 756 1832 magnique
773 1752 922 1832 potentia
938 1752 1034 1831 regni

185 1863 233 1924 sic
251 1861 407 1942 placuere
422 1861 477 1936 illi,
496 1861 646 1943 quamvis
663 1881 703 1924 ea
719 1871 840 1925 cuncta
857 1863 1037 1944 placerent,

125 2008 156 2043 10
185 1982 222 2034 ut
240 1993 300 2035 sua
317 1973 502 2054 progenies
552 1975 597 2036 Et
612 1973 805 2036 felicissima
822 1983 964 2038 matrum

184 2086 276 2147 dicta
292 2084 380 2148 foret
398 2085 516 2161 Niobe,
535 2085 562 2148 si
578 2106 644 2147 non
662 2085 724 2149 sibi
740 2086 811 2148 visa
826 2086 954 2150 fuisset.

233 2198 323 2259 Nam
340 2206 412 2259 sata
428 2197 556 2260 Tiresia
571 2198 702 2260 venturi
718 2198 867 2278 praescia
884 2200 1003 2261 Manto

184 2331 249 2393 per
265 2309 393 2372 medias
409 2311 519 2373 iuerat
536 2310 647 2372 divino
663 2311 792 2373 concita
809 2321 900 2374 motu
1009 2339 1010 2342 ¹

183 2423 370 2486 vaticinata
385 2424 473 2484 vias:
500 2427 518 2454 ‘⁶
530 2422 723 2498 Ismenides
742 2422 785 2484 ite
802 2423 995 2504 frequentes

124 2562 154 2614 15
184 2545 221 2599 et
238 2536 316 2597 date
336 2535 485 2597 Latonae
504 2534 787 2616 Latonigenisque
803 2535 932 2600 duobus

183 2668 265 2711 curn
284 2667 383 2727 prece
399 2656 473 2708 tura
490 2648 544 2728 pia
560 2647 718 2729 lauroque
735 2647 893 2710 innectite
910 2650 1044 2710 crinem.

183 2761 258 2824 Ore
277 2779 351 2821 meo
369 2759 499 2820 Latona
515 2758 635 2820 iubet.”
684 2759 828 2834 Paretur,
846 2770 880 2821 et
896 2780 1011 2822 omnes

182 2870 382 2935 Thebaides
398 2871 495 2933 iussis
512 2891 572 2933 sua
587 2881 738 2951 tempora
754 2872 928 2934 frondibus
945 2880 1074 2946 ornant,

182 2994 332 3064 turaque
348 2983 428 3044 dant
445 2983 568 3045 sanctis
584 2991 617 3044 et
633 2983 735 3045 verba
752 2983 922 3063 precantia
938 2983 1088 3046 flammis.

121 3135 153 3169 20
233 3096 326 3157 Ecce
340 3094 432 3156 venit
448 3094 605 3156 comitum
624 3095 731 3156 Niobe
748 3094 963 3157 celeberrima
979 3095 1085 3170 turba,

180 3205 338 3270 vestibus
354 3205 479 3268 intexto
499 3206 652 3289 Phrygiis
669 3206 860 3288 spectabilis
877 3227 957 3269 auro

182 3328 230 3394 et,
249 3328 413 3399 quantum
429 3317 477 3379 ira
493 3318 579 3394 sinit,
598 3319 753 3393 formosa,
772 3339 975 3400 movensque
992 3318 1112 3380 decoro

182 3451 266 3495 cum
291 3430 400 3511 capite
432 3430 597 3493 immissos
624 3451 773 3492 umerum
800 3451 859 3511 per
885 3440 1061 3512 utrumque
1092 3451 1142 3493 ca-

279 3542 386 3623 pillos.

185 3654 357 3720 Constitit.
406 3656 519 3737 thue
540 3655 653 3717 oculos
670 3655 869 3718 circumtulit
886 3655 953 3715 alta
970 3653 1141 3734 superbos,
1160 3642 1237 3760 ἔξω

121 3780 153 3830 25
187 3766 308 3849 “Quis
325 3767 426 3842 furor,
444 3768 605 3842 auditos‚’'
622 3767 737 3848 inquit,
760 3773 995 3848 “praeponere
1011 3766 1090 3828 visis
1116 3771 1123 3778 ⁴
1160 3789 1321 3846 blaspheme·

356 3897 373 3934 F
