2996 4368
331 333 398 383 102
530 322 782 381 SELECTIONS
811 321 930 378 FROM
961 318 1065 377 OVID

327 509 357 572 E
372 508 493 590 quibus
509 509 544 570 hi
558 527 682 570 vacuas
697 505 838 587 implent
854 502 1063 568 sermonibus
1078 500 1177 578 auris,

325 621 359 682 hi
375 629 509 683 narrata
525 620 637 683 ierunt
652 618 726 694 ali0,
744 635 967 698 mensuraque
983 614 1051 679 ficti

325 732 453 808 crescit,
471 741 505 795 et
521 731 643 794 auditis
659 729 783 812 aliquid
799 749 905 792 novus
922 727 1022 790 adicit
1037 735 1160 789 auctor.
1306 746 1339 782 20

328 845 400 909 Illic
417 842 615 919 Credulitas,
632 842 697 906 illic
714 841 909 905 temerarius
927 841 1028 902 Error

324 976 478 1038 vanaque
496 954 640 1018 Laetitia
657 963 717 1030 est,
735 951 1005 1033 consternatique
1020 952 1172 1014 Timores

327 1068 519 1149 Seditioque
534 1086 657 1149 repens
673 1065 841 1147 dubioque
856 1074 991 1128 auctore
1008 1062 1150 1127 Susurri.

327 1181 407 1262 Ipsa
422 1179 501 1261 quid
517 1179 551 1242 in
567 1179 660 1243 caelo
675 1197 785 1241 rerum
802 1176 988 1259 pelagoque
1003 1183 1138 1256 geratur

325 1301 359 1355 et
373 1291 491 1355 tellure
507 1290 598 1355 videt
613 1299 786 1371 totumque
802 1287 936 1369 inquirit
951 1286 984 1349 in
1002 1286 1124 1350 orbem.
1305 1305 1337 1359 25

731 1549 868 1576 -οοο-

441 1755 574 1826 XXll.
610 1755 727 1826 AClS
754 1754 871 1824 AND
901 1750 1158 1824 GALATEA

369 1964 451 2027 Acis
465 1974 536 2027 erat
550 1965 667 2026 Fauno
680 1963 896 2047 nymphaque
913 1959 1128 2044 Symaethide
1144 1968 1264 2034 cretus

326 2093 449 2157 magna
465 2075 598 2158 quidem
616 2076 786 2158 patrisque
803 2074 853 2136 sui
869 2071 1049 2153 matrisque
1065 2070 1230 2154 voluptas

327 2196 440 2251 nostra
455 2197 567 2250 tamen
584 2186 697 2250 maior.
748 2187 835 2249 Nam
852 2205 905 2248 me
921 2184 983 2247 sibi
999 2183 1151 2247 iunxerat
1166 2181 1231 2257 uni,

327 2300 466 2383 pulcher
481 2309 515 2363 et
530 2298 658 2362 octonis
673 2297 793 2362 iterum
809 2297 976 2360 natalibus
993 2295 1076 2359 actis

327 2412 476 2493 signarat
491 2421 623 2475 teneras
640 2410 741 2473 dubia
756 2410 914 2491 lanugine
932 2409 1046 2471 malas.
1310 2426 1324 2480 5

329 2524 430 2587 Hunc
447 2543 521 2604 eg0,
545 2541 598 2586 me
614 2523 761 2607 Cyclops
777 2522 868 2585 nullo
884 2541 959 2584 cum
976 2521 1041 2584 fine
1059 2519 1193 2602 petebat
1203 2539 1210 2595 ;

327 2655 398 2710 nec,
416 2635 443 2698 si
459 2635 648 2716 quaesieris,
667 2633 778 2697 odium
796 2633 952 2719 Cyclopis
969 2653 1106 2696 amorne

328 2746 443 2810 Acidis
459 2747 492 2808 in
509 2746 605 2810 nobis
621 2746 722 2809 fuerit
738 2745 944 2827 praesentior
960 2745 1076 2822 edam;

328 2879 390 2940 par
404 2870 580 2940 utrumque
596 2857 668 2921 fuit.
717 2859 788 2933 Pro,
807 2867 932 2940 quanta
948 2857 1098 2939 potentia
1113 2857 1209 2938 regni

328 2980 388 3045 est,
405 2971 521 3034 Venus
541 2971 637 3046 alma,
654 2970 721 3033 tui!
771 2971 903 3052 Nempe
922 2968 977 3033 ille
996 2968 1131 3033 immitis
1147 2978 1180 3032 et
1196 2967 1278 3050 ipsis
1312 2989 1341 3023 10

329 3082 514 3145 horrendus
530 3083 630 3158 silvis,
648 3092 683 3146 et
697 3082 789 3147 visus
805 3083 847 3146 ab
864 3083 995 3164 hospite
1011 3082 1103 3145 nullo

328 3197 473 3276 impune,
491 3203 525 3258 et
540 3194 655 3276 magni
671 3215 745 3258 curn
762 3195 813 3258 dis
829 3204 1040 3276 contemptor
1056 3191 1203 3278 Olympi,

328 3306 408 3388 quid
424 3307 466 3369 sit
482 3327 575 3370 amor
592 3307 702 3383 sentit,
719 3306 895 3389 validaque
913 3306 1069 3388 cupidine
1086 3314 1204 3388 captus

328 3419 441 3495 uritur,
459 3419 580 3483 oblitus
596 3439 752 3502 pecorum
770 3429 1007 3500 antrorumque
1023 3437 1167 3502 suorum.

135 3534 260 3655 dilator
373 3533 512 3614 Iamque
522 3532 581 3595 tibi
593 3532 730 3609 formae,
742 3532 874 3614 iamque
887 3541 938 3595 est
948 3530 1008 3594 tibi
1020 3551 1099 3595 cura
1110 3527 1278 3610 placendi;
1312 3546 1342 3600 ¹5

136 3665 394 3742 Pnypnemurlflm
410 3643 535 3726 rigidos
551 3644 656 3726 pectis
673 3643 796 3720 rastris,
815 3643 1028 3729 Polypheme,
1046 3641 1203 3723 capillos3

329 3756 394 3817 iam
411 3755 490 3819 libet
506 3755 666 3818 hirsutam
684 3755 743 3818 tibi
759 3756 846 3819 falce
863 3755 1009 3818 recidere
1025 3752 1174 3829 barbam,
