<?xml version="1.0" encoding="UTF-8"?>
<!DOCTYPE html PUBLIC "-//W3C//DTD XHTML 1.0 Transitional//EN"
    "http://www.w3.org/TR/xhtml1/DTD/xhtml1-transitional.dtd">
<html xmlns="http://www.w3.org/1999/xhtml" xml:lang="en" lang="en">
 <head>
  <title>
</title>
<meta http-equiv="Content-Type" content="text/html;charset=utf-8" />
  <meta name='ocr-system' content='tesseract 3.04.00' />
  <meta name='ocr-capabilities' content='ocr_page ocr_carea ocr_par ocr_line ocrx_word'/>
</head>
<body>
  <div class='ocr_page' id='page_1' title='image "./poemsovidselect00ovidgoog_0210.png"; bbox 0 0 2972 4358; ppageno 0'>
   <div class='ocr_carea' id='block_1_1' title="bbox 407 269 1174 356">
    <p class='ocr_par' dir='ltr' id='par_1_1' title="bbox 407 269 1174 356">
     <span class='ocr_line' id='line_1_1' title="bbox 407 269 1174 356; baseline 0.001 -23"><span class='ocrx_word' id='word_1_1' title='bbox 407 277 495 334; x_wconf 89' lang='lat' dir='ltr'><strong>THE</strong></span> <span class='ocrx_word' id='word_1_2' title='bbox 524 277 670 334; x_wconf 87' lang='lat' dir='ltr'>DEATH</span> <span class='ocrx_word' id='word_1_3' title='bbox 700 277 754 334; x_wconf 91' lang='lat' dir='ltr'><strong>OF</strong></span> <span class='ocrx_word' id='word_1_4' title='bbox 782 278 808 335; x_wconf 89' lang='lat' dir='ltr'>A</span> <span class='ocrx_word' id='word_1_5' title='bbox 839 276 1006 335; x_wconf 89' lang='lat' dir='ltr'><strong>PARROT</strong></span> <span class='ocrx_word' id='word_1_6' title='bbox 1109 269 1174 356; x_wconf 83' lang='lat'><strong>183</strong></span> 
     </span>
    </p>
   </div>
   <div class='ocr_carea' id='block_1_2' title="bbox 165 458 1124 767">
    <p class='ocr_par' dir='ltr' id='par_1_2' title="bbox 165 458 1124 767">
     <span class='ocr_line' id='line_1_2' title="bbox 227 458 1105 542; baseline 0.002 -22"><span class='ocrx_word' id='word_1_7' title='bbox 227 458 275 521; x_wconf 92' lang='lat' dir='ltr'><strong>sic</strong></span> <span class='ocrx_word' id='word_1_8' title='bbox 291 468 325 522; x_wconf 90' lang='lat' dir='ltr'><strong>et</strong></span> <span class='ocrx_word' id='word_1_9' title='bbox 341 460 506 523; x_wconf 92' lang='lat' dir='ltr'><strong>Saturnus</strong></span> <span class='ocrx_word' id='word_1_10' title='bbox 523 461 629 523; x_wconf 92' lang='lat' dir='ltr'><strong>minor</strong></span> <span class='ocrx_word' id='word_1_11' title='bbox 645 470 697 524; x_wconf 90' lang='lat' dir='ltr'><strong>est</strong></span> <span class='ocrx_word' id='word_1_12' title='bbox 714 461 803 523; x_wconf 89' lang='lat' dir='ltr'><strong>Iove.</strong></span> <span class='ocrx_word' id='word_1_13' title='bbox 853 461 1004 542; x_wconf 92' lang='lat' dir='ltr'><strong>Iuppiter</strong></span> <span class='ocrx_word' id='word_1_14' title='bbox 1020 461 1105 523; x_wconf 90' lang='lat' dir='ltr'><strong>arcis</strong></span> 
     </span>
     <span class='ocr_line' id='line_1_3' title="bbox 226 573 1066 654; baseline 0.002 -22"><span class='ocrx_word' id='word_1_15' title='bbox 226 580 392 653; x_wconf 88' lang='lat' dir='ltr'>temperat</span> <span class='ocrx_word' id='word_1_16' title='bbox 407 573 572 635; x_wconf 90' lang='lat' dir='ltr'><strong>aetherias</strong></span> <span class='ocrx_word' id='word_1_17' title='bbox 588 582 621 636; x_wconf 94' lang='lat' dir='ltr'><strong>et</strong></span> <span class='ocrx_word' id='word_1_18' title='bbox 636 573 752 635; x_wconf 93' lang='lat' dir='ltr'><strong>mundi</strong></span> <span class='ocrx_word' id='word_1_19' title='bbox 768 593 872 654; x_wconf 88' lang='lat' dir='ltr'><strong>regna</strong></span> <span class='ocrx_word' id='word_1_20' title='bbox 887 573 1066 647; x_wconf 85' lang='lat' dir='ltr'><strong>triformis;</strong></span> 
     </span>
     <span class='ocr_line' id='line_1_4' title="bbox 165 683 1124 767; baseline -0.005 -16"><span class='ocrx_word' id='word_1_21' title='bbox 165 691 315 751; x_wconf 85' lang='lat' dir='ltr'><strong>¹15terra</strong></span> <span class='ocrx_word' id='word_1_22' title='bbox 331 683 392 746; x_wconf 93' lang='lat' dir='ltr'><strong>sub</strong></span> <span class='ocrx_word' id='word_1_23' title='bbox 408 685 574 766; x_wconf 91' lang='lat' dir='ltr'><strong>Augusto.</strong></span> <span class='ocrx_word' id='word_1_24' title='bbox 623 686 721 748; x_wconf 88' lang='lat' dir='ltr'><strong>Pater</strong></span> <span class='ocrx_word' id='word_1_25' title='bbox 736 694 788 747; x_wconf 93' lang='lat' dir='ltr'><strong>est</strong></span> <span class='ocrx_word' id='word_1_26' title='bbox 803 695 836 749; x_wconf 92' lang='lat' dir='ltr'><strong>et</strong></span> <span class='ocrx_word' id='word_1_27' title='bbox 852 694 960 748; x_wconf 91' lang='lat' dir='ltr'><strong>rector</strong></span> <span class='ocrx_word' id='word_1_28' title='bbox 976 693 1124 767; x_wconf 89' lang='lat' dir='ltr'><strong>uterque.</strong></span> 
     </span>
    </p>
   </div>
   <div class='ocr_carea' id='block_1_3' title="bbox 634 903 768 930">
    <p class='ocr_par' dir='ltr' id='par_1_3' title="bbox 634 903 768 930">
     <span class='ocr_line' id='line_1_5' title="bbox 634 903 768 930; baseline 0.015 -2"><span class='ocrx_word' id='word_1_29' title='bbox 634 903 768 930; x_wconf 54' lang='lat'>—400—</span> 
     </span>
    </p>
   </div>
   <div class='ocr_carea' id='block_1_4' title="bbox 227 1037 1178 1138">
    <p class='ocr_par' dir='ltr' id='par_1_4' title="bbox 227 1037 1178 1138">
     <span class='ocr_line' id='line_1_6' title="bbox 227 1037 1178 1138; baseline 0.003 -4"><span class='ocrx_word' id='word_1_30' title='bbox 227 1064 414 1136; x_wconf 73' lang='lat' dir='ltr'><strong>xuvrn.</strong></span> <span class='ocrx_word' id='word_1_31' title='bbox 445 1065 564 1137; x_wconf 79' lang='lat' dir='ltr'><strong>Tun</strong></span> <span class='ocrx_word' id='word_1_32' title='bbox 586 1037 780 1137; x_wconf 72' lang='lat' dir='ltr'><strong>unnrlr</strong></span> <span class='ocrx_word' id='word_1_33' title='bbox 807 1067 876 1138; x_wconf 80' lang='lat' dir='ltr'><strong>or</strong></span> <span class='ocrx_word' id='word_1_34' title='bbox 899 1067 935 1136; x_wconf 89' lang='lat' dir='ltr'><strong>A</strong></span> <span class='ocrx_word' id='word_1_35' title='bbox 958 1066 1178 1138; x_wconf 67' lang='lat' dir='ltr'><strong>pannos</strong></span> 
     </span>
    </p>
   </div>
   <div class='ocr_carea' id='block_1_5' title="bbox 188 1261 1347 3027">
    <p class='ocr_par' dir='ltr' id='par_1_5' title="bbox 188 1261 1347 3027">
     <span class='ocr_line' id='line_1_7' title="bbox 228 1261 923 1339; baseline 0.006 -16"><span class='ocrx_word' id='word_1_36' title='bbox 228 1261 400 1336; x_wconf 76' lang='lat' dir='ltr'><strong>Psittacus</strong></span> <span class='ocrx_word' id='word_1_37' title='bbox 418 1262 487 1326; x_wconf 88' lang='lat' dir='ltr'><strong>eois</strong></span> <span class='ocrx_word' id='word_1_38' title='bbox 503 1263 658 1326; x_wconf 84' lang='lat' dir='ltr'><strong>imitatrix</strong></span> <span class='ocrx_word' id='word_1_39' title='bbox 674 1263 743 1326; x_wconf 92' lang='lat' dir='ltr'><strong>ales</strong></span> <span class='ocrx_word' id='word_1_40' title='bbox 759 1263 801 1326; x_wconf 91' lang='lat' dir='ltr'><strong>ab</strong></span> <span class='ocrx_word' id='word_1_41' title='bbox 820 1262 923 1339; x_wconf 91' lang='lat' dir='ltr'><strong>Indis,</strong></span> 
     </span>
     <span class='ocr_line' id='line_1_8' title="bbox 270 1374 991 1458; baseline 0.003 -22"><span class='ocrx_word' id='word_1_42' title='bbox 270 1374 409 1450; x_wconf 72' lang='lat' dir='ltr'><strong>occidit}</strong></span> <span class='ocrx_word' id='word_1_43' title='bbox 433 1375 606 1457; x_wconf 87' lang='lat' dir='ltr'><strong>exsequias</strong></span> <span class='ocrx_word' id='word_1_44' title='bbox 622 1377 667 1438; x_wconf 88' lang='lat' dir='ltr'><strong>ite</strong></span> <span class='ocrx_word' id='word_1_45' title='bbox 683 1377 885 1458; x_wconf 85' lang='lat' dir='ltr'><strong>frequenter,</strong></span> <span class='ocrx_word' id='word_1_46' title='bbox 903 1395 991 1440; x_wconf 90' lang='lat' dir='ltr'><strong>aves.</strong></span> 
     </span>
     <span class='ocr_line' id='line_1_9' title="bbox 227 1487 1059 1570; baseline 0.006 -23"><span class='ocrx_word' id='word_1_47' title='bbox 227 1487 288 1561; x_wconf 93' lang='lat' dir='ltr'><strong>Ite,</strong></span> <span class='ocrx_word' id='word_1_48' title='bbox 307 1487 381 1568; x_wconf 91' lang='lat' dir='ltr'><strong>piae</strong></span> <span class='ocrx_word' id='word_1_49' title='bbox 397 1488 558 1562; x_wconf 86' lang='lat' dir='ltr'><strong>volucres,</strong></span> <span class='ocrx_word' id='word_1_50' title='bbox 576 1496 609 1551; x_wconf 91' lang='lat' dir='ltr'><strong>et</strong></span> <span class='ocrx_word' id='word_1_51' title='bbox 622 1488 771 1569; x_wconf 88' lang='lat' dir='ltr'><strong>plangite</strong></span> <span class='ocrx_word' id='word_1_52' title='bbox 788 1498 925 1570; x_wconf 89' lang='lat' dir='ltr'><strong>pectora</strong></span> <span class='ocrx_word' id='word_1_53' title='bbox 938 1489 1059 1570; x_wconf 86' lang='lat' dir='ltr'><strong>pinnis,</strong></span> 
     </span>
     <span class='ocr_line' id='line_1_10' title="bbox 270 1598 965 1682; baseline 0.003 -22"><span class='ocrx_word' id='word_1_54' title='bbox 270 1607 304 1660; x_wconf 94' lang='lat' dir='ltr'><strong>et</strong></span> <span class='ocrx_word' id='word_1_55' title='bbox 320 1598 426 1679; x_wconf 92' lang='lat' dir='ltr'><strong>rigido</strong></span> <span class='ocrx_word' id='word_1_56' title='bbox 441 1607 576 1661; x_wconf 89' lang='lat' dir='ltr'><strong>teneras</strong></span> <span class='ocrx_word' id='word_1_57' title='bbox 593 1619 704 1681; x_wconf 90' lang='lat' dir='ltr'><strong>ungue</strong></span> <span class='ocrx_word' id='word_1_58' title='bbox 721 1609 834 1663; x_wconf 94' lang='lat' dir='ltr'><strong>notate</strong></span> <span class='ocrx_word' id='word_1_59' title='bbox 851 1619 965 1682; x_wconf 89' lang='lat' dir='ltr'><strong>genas.</strong></span> 
     </span>
     <span class='ocr_line' id='line_1_11' title="bbox 203 1710 1043 1794; baseline 0.007 -25"><span class='ocrx_word' id='word_1_60' title='bbox 203 1710 375 1772; x_wconf 72' lang='lat' dir='ltr'><strong>§Horrida</strong></span> <span class='ocrx_word' id='word_1_61' title='bbox 390 1731 451 1791; x_wconf 95' lang='lat' dir='ltr'><strong>pro</strong></span> <span class='ocrx_word' id='word_1_62' title='bbox 469 1711 603 1774; x_wconf 89' lang='lat' dir='ltr'><strong>maestis</strong></span> <span class='ocrx_word' id='word_1_63' title='bbox 615 1712 758 1774; x_wconf 86' lang='lat' dir='ltr'><strong>lanietur</strong></span> <span class='ocrx_word' id='word_1_64' title='bbox 775 1713 888 1793; x_wconf 89' lang='lat' dir='ltr'><strong>pluma</strong></span> <span class='ocrx_word' id='word_1_65' title='bbox 905 1711 1043 1794; x_wconf 73' lang='lat' dir='ltr'><strong>capillis</strong></span> 
     </span>
     <span class='ocr_line' id='line_1_12' title="bbox 270 1823 1020 1904; baseline 0.005 -21"><span class='ocrx_word' id='word_1_66' title='bbox 270 1842 330 1903; x_wconf 92' lang='lat' dir='ltr'><strong>pro</strong></span> <span class='ocrx_word' id='word_1_67' title='bbox 347 1823 448 1904; x_wconf 94' lang='lat' dir='ltr'><strong>longa</strong></span> <span class='ocrx_word' id='word_1_68' title='bbox 465 1832 622 1886; x_wconf 91' lang='lat' dir='ltr'><strong>resonent</strong></span> <span class='ocrx_word' id='word_1_69' title='bbox 638 1824 786 1886; x_wconf 89' lang='lat' dir='ltr'><strong>carmina</strong></span> <span class='ocrx_word' id='word_1_70' title='bbox 802 1834 914 1888; x_wconf 90' lang='lat' dir='ltr'><strong>vestra</strong></span> <span class='ocrx_word' id='word_1_71' title='bbox 930 1824 1020 1887; x_wconf 91' lang='lat' dir='ltr'><strong>tuba.</strong></span> 
     </span>
     <span class='ocr_line' id='line_1_13' title="bbox 227 1934 1150 2020; baseline 0.002 -24"><span class='ocrx_word' id='word_1_72' title='bbox 227 1934 317 2016; x_wconf 82' lang='lat' dir='ltr'><strong>Quid</strong></span> <span class='ocrx_word' id='word_1_73' title='bbox 334 1936 442 1997; x_wconf 90' lang='lat' dir='ltr'><strong>scelus</strong></span> <span class='ocrx_word' id='word_1_74' title='bbox 460 1935 591 1997; x_wconf 91' lang='lat' dir='ltr'><strong>Ismarii</strong></span> <span class='ocrx_word' id='word_1_75' title='bbox 608 1938 764 2017; x_wconf 72' lang='lat' dir='ltr'><strong>quereris</strong></span> <span class='ocrx_word' id='word_1_76' title='bbox 785 1936 975 2011; x_wconf 89' lang='lat' dir='ltr'><strong>Philomela,</strong></span> <span class='ocrx_word' id='word_1_77' title='bbox 992 1935 1150 2020; x_wconf 84' lang='lat' dir='ltr'><strong>tyranni?</strong></span> 
     </span>
     <span class='ocr_line' id='line_1_14' title="bbox 272 2047 933 2130; baseline 0.005 -23"><span class='ocrx_word' id='word_1_78' title='bbox 272 2047 416 2128; x_wconf 88' lang='lat' dir='ltr'><strong>Expleta</strong></span> <span class='ocrx_word' id='word_1_79' title='bbox 432 2056 483 2110; x_wconf 92' lang='lat' dir='ltr'><strong>est</strong></span> <span class='ocrx_word' id='word_1_80' title='bbox 498 2047 595 2110; x_wconf 92' lang='lat' dir='ltr'><strong>annis</strong></span> <span class='ocrx_word' id='word_1_81' title='bbox 612 2047 675 2110; x_wconf 92' lang='lat' dir='ltr'><strong>ista</strong></span> <span class='ocrx_word' id='word_1_82' title='bbox 692 2049 839 2130; x_wconf 92' lang='lat' dir='ltr'><strong>querella</strong></span> <span class='ocrx_word' id='word_1_83' title='bbox 856 2047 933 2111; x_wconf 89' lang='lat' dir='ltr'><strong>suis.</strong></span> 
     </span>
     <span class='ocr_line' id='line_1_15' title="bbox 227 2159 975 2236; baseline 0.004 -16"><span class='ocrx_word' id='word_1_84' title='bbox 227 2159 328 2221; x_wconf 89' lang='lat' dir='ltr'><strong>Alitis</strong></span> <span class='ocrx_word' id='word_1_85' title='bbox 345 2159 378 2221; x_wconf 95' lang='lat' dir='ltr'><strong>in</strong></span> <span class='ocrx_word' id='word_1_86' title='bbox 395 2179 488 2222; x_wconf 90' lang='lat' dir='ltr'><strong>rarae</strong></span> <span class='ocrx_word' id='word_1_87' title='bbox 502 2160 658 2222; x_wconf 91' lang='lat' dir='ltr'><strong>miserum</strong></span> <span class='ocrx_word' id='word_1_88' title='bbox 677 2161 836 2224; x_wconf 91' lang='lat' dir='ltr'><strong>devertite</strong></span> <span class='ocrx_word' id='word_1_89' title='bbox 853 2161 975 2236; x_wconf 85' lang='lat' dir='ltr'><strong>iunus;</strong></span> 
     </span>
     <span class='ocr_line' id='line_1_16' title="bbox 189 2272 1057 2357; baseline 0.003 -25"><span class='ocrx_word' id='word_1_90' title='bbox 189 2289 218 2324; x_wconf 89' lang='lat'><strong>10</strong></span> <span class='ocrx_word' id='word_1_91' title='bbox 272 2291 404 2352; x_wconf 89' lang='lat' dir='ltr'><strong>magna,</strong></span> <span class='ocrx_word' id='word_1_92' title='bbox 422 2272 481 2335; x_wconf 91' lang='lat' dir='ltr'><strong>sed</strong></span> <span class='ocrx_word' id='word_1_93' title='bbox 498 2274 634 2354; x_wconf 93' lang='lat' dir='ltr'><strong>antiqua</strong></span> <span class='ocrx_word' id='word_1_94' title='bbox 651 2283 701 2335; x_wconf 91' lang='lat' dir='ltr'><strong>est</strong></span> <span class='ocrx_word' id='word_1_95' title='bbox 718 2293 819 2335; x_wconf 90' lang='lat' dir='ltr'><strong>causa</strong></span> <span class='ocrx_word' id='word_1_96' title='bbox 835 2272 958 2336; x_wconf 91' lang='lat' dir='ltr'><strong>doloris</strong></span> <span class='ocrx_word' id='word_1_97' title='bbox 976 2274 1057 2357; x_wconf 91' lang='lat' dir='ltr'><strong>Itys.</strong></span> 
     </span>
     <span class='ocr_line' id='line_1_17' title="bbox 228 2382 1021 2467; baseline 0.003 -21"><span class='ocrx_word' id='word_1_98' title='bbox 228 2382 357 2447; x_wconf 91' lang='lat' dir='ltr'><strong>Omnes</strong></span> <span class='ocrx_word' id='word_1_99' title='bbox 373 2404 459 2466; x_wconf 91' lang='lat' dir='ltr'><strong>quae</strong></span> <span class='ocrx_word' id='word_1_100' title='bbox 472 2385 595 2467; x_wconf 93' lang='lat' dir='ltr'><strong>liquido</strong></span> <span class='ocrx_word' id='word_1_101' title='bbox 613 2386 740 2448; x_wconf 92' lang='lat' dir='ltr'><strong>libratis</strong></span> <span class='ocrx_word' id='word_1_102' title='bbox 757 2387 790 2447; x_wconf 95' lang='lat' dir='ltr'><strong>in</strong></span> <span class='ocrx_word' id='word_1_103' title='bbox 807 2405 883 2448; x_wconf 87' lang='lat' dir='ltr'><strong>aere</strong></span> <span class='ocrx_word' id='word_1_104' title='bbox 897 2405 1021 2459; x_wconf 93' lang='lat' dir='ltr'><strong>cursus,</strong></span> 
     </span>
     <span class='ocr_line' id='line_1_18' title="bbox 270 2497 994 2574; baseline 0.003 -17"><span class='ocrx_word' id='word_1_105' title='bbox 270 2505 308 2557; x_wconf 95' lang='lat' dir='ltr'><strong>tu</strong></span> <span class='ocrx_word' id='word_1_106' title='bbox 319 2505 431 2559; x_wconf 93' lang='lat' dir='ltr'><strong>tamen</strong></span> <span class='ocrx_word' id='word_1_107' title='bbox 448 2506 525 2560; x_wconf 88' lang='lat' dir='ltr'><strong>ante</strong></span> <span class='ocrx_word' id='word_1_108' title='bbox 543 2497 634 2574; x_wconf 92' lang='lat' dir='ltr'><strong>alios,</strong></span> <span class='ocrx_word' id='word_1_109' title='bbox 653 2507 762 2560; x_wconf 92' lang='lat' dir='ltr'><strong>turtur</strong></span> <span class='ocrx_word' id='word_1_110' title='bbox 778 2497 892 2572; x_wconf 91' lang='lat' dir='ltr'><strong>amice,</strong></span> <span class='ocrx_word' id='word_1_111' title='bbox 910 2497 994 2560; x_wconf 90' lang='lat' dir='ltr'><strong>dole.</strong></span> 
     </span>
     <span class='ocr_line' id='line_1_19' title="bbox 228 2608 912 2684; baseline 0.003 -15"><span class='ocrx_word' id='word_1_112' title='bbox 228 2608 331 2671; x_wconf 91' lang='lat' dir='ltr'><strong>Plena</strong></span> <span class='ocrx_word' id='word_1_113' title='bbox 346 2609 410 2671; x_wconf 85' lang='lat' dir='ltr'><strong>fuit</strong></span> <span class='ocrx_word' id='word_1_114' title='bbox 425 2608 519 2672; x_wconf 92' lang='lat' dir='ltr'><strong>vobis</strong></span> <span class='ocrx_word' id='word_1_115' title='bbox 537 2611 627 2672; x_wconf 90' lang='lat' dir='ltr'><strong>omni</strong></span> <span class='ocrx_word' id='word_1_116' title='bbox 643 2610 821 2673; x_wconf 88' lang='lat' dir='ltr'><strong>concordia</strong></span> <span class='ocrx_word' id='word_1_117' title='bbox 835 2609 912 2684; x_wconf 89' lang='lat' dir='ltr'><strong>vita,</strong></span> 
     </span>
     <span class='ocr_line' id='line_1_20' title="bbox 270 2721 989 2803; baseline 0.001 -21"><span class='ocrx_word' id='word_1_118' title='bbox 270 2729 304 2782; x_wconf 94' lang='lat' dir='ltr'><strong>et</strong></span> <span class='ocrx_word' id='word_1_119' title='bbox 320 2721 411 2783; x_wconf 86' lang='lat' dir='ltr'><strong>stetit</strong></span> <span class='ocrx_word' id='word_1_120' title='bbox 427 2721 469 2784; x_wconf 93' lang='lat' dir='ltr'><strong>ad</strong></span> <span class='ocrx_word' id='word_1_121' title='bbox 482 2722 581 2784; x_wconf 89' lang='lat' dir='ltr'><strong>finem</strong></span> <span class='ocrx_word' id='word_1_122' title='bbox 599 2721 699 2803; x_wconf 90' lang='lat' dir='ltr'><strong>longa</strong></span> <span class='ocrx_word' id='word_1_123' title='bbox 715 2731 880 2803; x_wconf 90' lang='lat' dir='ltr'><strong>tenaxque</strong></span> <span class='ocrx_word' id='word_1_124' title='bbox 897 2721 989 2783; x_wconf 83' lang='lat' dir='ltr'><strong>fides</strong></span> 
     </span>
     <span class='ocr_line' id='line_1_21' title="bbox 188 2832 1329 2920; baseline -0.003 -22"><span class='ocrx_word' id='word_1_125' title='bbox 188 2846 216 2898; x_wconf 82' lang='lat'><strong>¹5</strong></span> <span class='ocrx_word' id='word_1_126' title='bbox 227 2832 327 2914; x_wconf 81' lang='lat' dir='ltr'><strong>Quod</strong></span> <span class='ocrx_word' id='word_1_127' title='bbox 343 2834 408 2895; x_wconf 81' lang='lat' dir='ltr'><strong>fuit</strong></span> <span class='ocrx_word' id='word_1_128' title='bbox 423 2833 583 2914; x_wconf 91' lang='lat' dir='ltr'><strong>Argolico</strong></span> <span class='ocrx_word' id='word_1_129' title='bbox 599 2833 728 2897; x_wconf 88' lang='lat' dir='ltr'><strong>iuvenis</strong></span> <span class='ocrx_word' id='word_1_130' title='bbox 746 2835 896 2896; x_wconf 90' lang='lat' dir='ltr'><strong>Phoceus</strong></span> <span class='ocrx_word' id='word_1_131' title='bbox 910 2833 1061 2908; x_wconf 91' lang='lat' dir='ltr'><strong>Orestae,</strong></span> <span class='ocrx_word' id='word_1_132' title='bbox 1197 2833 1329 2920; x_wconf 36' lang='lat' dir='ltr'><strong>usitatur·</strong></span> 
     </span>
     <span class='ocr_line' id='line_1_22' title="bbox 270 2909 1347 3027; baseline 0.002 -21"><span class='ocrx_word' id='word_1_133' title='bbox 270 2945 333 3007; x_wconf 89' lang='lat' dir='ltr'><strong>hoc</strong></span> <span class='ocrx_word' id='word_1_134' title='bbox 350 2944 418 3020; x_wconf 92' lang='lat' dir='ltr'><strong>tibi,</strong></span> <span class='ocrx_word' id='word_1_135' title='bbox 432 2945 512 3007; x_wconf 92' lang='lat' dir='ltr'><strong>dum</strong></span> <span class='ocrx_word' id='word_1_136' title='bbox 529 2945 628 3020; x_wconf 84' lang='lat' dir='ltr'><strong>licuit,</strong></span> <span class='ocrx_word' id='word_1_137' title='bbox 648 2947 797 3027; x_wconf 90' lang='lat' dir='ltr'><strong>psittace,</strong></span> <span class='ocrx_word' id='word_1_138' title='bbox 823 2955 931 3008; x_wconf 91' lang='lat' dir='ltr'><strong>turtur</strong></span> <span class='ocrx_word' id='word_1_139' title='bbox 947 2955 1027 3008; x_wconf 87' lang='lat' dir='ltr'><strong>erat.</strong></span> <span class='ocrx_word' id='word_1_140' title='bbox 1196 2909 1347 2968; x_wconf 70' lang='lat' dir='ltr'><strong>rnenuanrp</strong></span> 
     </span>
    </p>
   </div>
   <div class='ocr_carea' id='block_1_6' title="bbox 225 3152 1235 3792">
    <p class='ocr_par' dir='ltr' id='par_1_6' title="bbox 225 3152 1235 3712">
     <span class='ocr_line' id='line_1_23' title="bbox 268 3152 1175 3217; baseline 0.001 -18"><span class='ocrx_word' id='word_1_141' title='bbox 268 3164 323 3213; x_wconf 90' lang='lat'>114.</span> <span class='ocrx_word' id='word_1_142' title='bbox 341 3155 505 3212; x_wconf 77' lang='lat' dir='ltr'><strong>temperat:</strong></span> <span class='ocrx_word' id='word_1_143' title='bbox 519 3154 843 3217; x_wconf 70' lang='lat' dir='ltr'><strong>gomma—triforme:</strong></span> <span class='ocrx_word' id='word_1_144' title='bbox 862 3153 902 3202; x_wconf 79' lang='lat' dir='ltr'><strong>ie.</strong></span> <span class='ocrx_word' id='word_1_145' title='bbox 916 3153 969 3216; x_wconf 87' lang='lat' dir='ltr'><strong>sky,</strong></span> <span class='ocrx_word' id='word_1_146' title='bbox 982 3152 1049 3210; x_wconf 91' lang='lat' dir='ltr'><strong>land,</strong></span> <span class='ocrx_word' id='word_1_147' title='bbox 1063 3152 1113 3200; x_wconf 87' lang='lat' dir='ltr'><strong>and</strong></span> <span class='ocrx_word' id='word_1_148' title='bbox 1125 3168 1175 3200; x_wconf 91' lang='lat' dir='ltr'><strong>sea.</strong></span> 
     </span>
     <span class='ocr_line' id='line_1_24' title="bbox 267 3235 1179 3300; baseline 0.001 -18"><span class='ocrx_word' id='word_1_149' title='bbox 267 3235 390 3282; x_wconf 89' lang='lat' dir='ltr'><strong>XLVIII.</strong></span> <span class='ocrx_word' id='word_1_150' title='bbox 419 3246 439 3281; x_wconf 89' lang='lat'><strong>1.</strong></span> <span class='ocrx_word' id='word_1_151' title='bbox 453 3235 533 3283; x_wconf 77' lang='lat' dir='ltr'><strong>oola:</strong></span> <span class='ocrx_word' id='word_1_152' title='bbox 548 3243 652 3284; x_wconf 81' lang='lat' dir='ltr'><strong>eastern.</strong></span> <span class='ocrx_word' id='word_1_153' title='bbox 680 3249 701 3284; x_wconf 88' lang='lat'><strong>2.</strong></span> <span class='ocrx_word' id='word_1_154' title='bbox 715 3237 890 3297; x_wconf 77' lang='lat' dir='ltr'><strong>exsequias:</strong></span> <span class='ocrx_word' id='word_1_155' title='bbox 899 3236 1017 3300; x_wconf 86' lang='lat' dir='ltr'><strong>funeral.</strong></span> <span class='ocrx_word' id='word_1_156' title='bbox 1044 3248 1066 3296; x_wconf 85' lang='lat'><strong>3.</strong></span> <span class='ocrx_word' id='word_1_157' title='bbox 1078 3235 1179 3297; x_wconf 78' lang='lat' dir='ltr'><strong>plang-</strong></span> 
     </span>
     <span class='ocr_line' id='line_1_25' title="bbox 225 3307 1235 3380; baseline 0.002 -16"><span class='ocrx_word' id='word_1_158' title='bbox 225 3316 281 3365; x_wconf 80' lang='lat' dir='ltr'><strong>ite:</strong></span> <span class='ocrx_word' id='word_1_159' title='bbox 293 3317 353 3364; x_wconf 83' lang='lat' dir='ltr'><strong>beat.</strong></span> <span class='ocrx_word' id='word_1_160' title='bbox 385 3329 406 3379; x_wconf 89' lang='lat'><strong>7.</strong></span> <span class='ocrx_word' id='word_1_161' title='bbox 419 3317 551 3378; x_wconf 79' lang='lat' dir='ltr'><strong>tyrannl:</strong></span> <span class='ocrx_word' id='word_1_162' title='bbox 566 3318 605 3366; x_wconf 79' lang='lat' dir='ltr'><strong>ie.</strong></span> <span class='ocrx_word' id='word_1_163' title='bbox 614 3319 716 3375; x_wconf 89' lang='lat' dir='ltr'><strong>Tereus,</strong></span> <span class='ocrx_word' id='word_1_164' title='bbox 727 3318 783 3365; x_wconf 91' lang='lat' dir='ltr'><strong>who</strong></span> <span class='ocrx_word' id='word_1_165' title='bbox 793 3319 869 3380; x_wconf 82' lang='lat' dir='ltr'><strong>thing</strong></span> <span class='ocrx_word' id='word_1_166' title='bbox 881 3319 909 3365; x_wconf 88' lang='lat' dir='ltr'><strong>ol</strong></span> <span class='ocrx_word' id='word_1_167' title='bbox 915 3318 954 3365; x_wconf 81' lang='lat' dir='ltr'><strong>his</strong></span> <span class='ocrx_word' id='word_1_168' title='bbox 962 3317 1019 3366; x_wconf 86' lang='lat' dir='ltr'><strong>wife</strong></span> <span class='ocrx_word' id='word_1_169' title='bbox 1028 3317 1124 3365; x_wconf 90' lang='lat' dir='ltr'><strong>Procne</strong></span> <span class='ocrx_word' id='word_1_170' title='bbox 1138 3325 1179 3366; x_wconf 88' lang='lat' dir='ltr'><strong>cut</strong></span> <span class='ocrx_word' id='word_1_171' title='bbox 1233 3307 1235 3312; x_wconf 50' lang='grc'>’</span> 
     </span>
     <span class='ocr_line' id='line_1_26' title="bbox 226 3397 1178 3462; baseline 0.001 -17"><span class='ocrx_word' id='word_1_172' title='bbox 226 3404 270 3446; x_wconf 91' lang='lat' dir='ltr'><strong>out</strong></span> <span class='ocrx_word' id='word_1_173' title='bbox 289 3397 334 3445; x_wconf 91' lang='lat' dir='ltr'><strong>her</strong></span> <span class='ocrx_word' id='word_1_174' title='bbox 352 3404 446 3460; x_wconf 88' lang='lat' dir='ltr'><strong>tongue</strong></span> <span class='ocrx_word' id='word_1_175' title='bbox 466 3400 516 3446; x_wconf 83' lang='lat' dir='ltr'><strong>and</strong></span> <span class='ocrx_word' id='word_1_176' title='bbox 535 3400 641 3448; x_wconf 88' lang='lat' dir='ltr'><strong>married</strong></span> <span class='ocrx_word' id='word_1_177' title='bbox 660 3399 807 3457; x_wconf 81' lang='lat' dir='ltr'><strong>Philomela,</strong></span> <span class='ocrx_word' id='word_1_178' title='bbox 825 3399 870 3448; x_wconf 89' lang='lat' dir='ltr'><strong>her</strong></span> <span class='ocrx_word' id='word_1_179' title='bbox 889 3400 968 3448; x_wconf 86' lang='lat' dir='ltr'><strong>slster.</strong></span> <span class='ocrx_word' id='word_1_180' title='bbox 1010 3401 1041 3448; x_wconf 89' lang='lat' dir='ltr'><strong>In</strong></span> <span class='ocrx_word' id='word_1_181' title='bbox 1062 3414 1178 3462; x_wconf 85' lang='lat' dir='ltr'><strong>revenge,</strong></span> 
     </span>
     <span class='ocr_line' id='line_1_27' title="bbox 226 3480 1178 3544; baseline 0.002 -16"><span class='ocrx_word' id='word_1_182' title='bbox 226 3483 323 3530; x_wconf 90' lang='lat' dir='ltr'><strong>Procne</strong></span> <span class='ocrx_word' id='word_1_183' title='bbox 340 3481 390 3529; x_wconf 84' lang='lat' dir='ltr'><strong>and</strong></span> <span class='ocrx_word' id='word_1_184' title='bbox 407 3480 546 3529; x_wconf 87' lang='lat' dir='ltr'><strong>Philomela</strong></span> <span class='ocrx_word' id='word_1_185' title='bbox 562 3482 621 3530; x_wconf 86' lang='lat' dir='ltr'><strong>slew</strong></span> <span class='ocrx_word' id='word_1_186' title='bbox 638 3483 698 3544; x_wconf 86' lang='lat' dir='ltr'><strong>Itys,</strong></span> <span class='ocrx_word' id='word_1_187' title='bbox 710 3498 757 3530; x_wconf 91' lang='lat' dir='ltr'><strong>son</strong></span> <span class='ocrx_word' id='word_1_188' title='bbox 772 3482 801 3529; x_wconf 86' lang='lat' dir='ltr'><strong>ol</strong></span> <span class='ocrx_word' id='word_1_189' title='bbox 813 3483 914 3530; x_wconf 88' lang='lat' dir='ltr'><strong>Tereus.</strong></span> <span class='ocrx_word' id='word_1_190' title='bbox 950 3483 998 3530; x_wconf 89' lang='lat' dir='ltr'><strong>For</strong></span> <span class='ocrx_word' id='word_1_191' title='bbox 1012 3482 1069 3541; x_wconf 87' lang='lat' dir='ltr'><strong>this,</strong></span> <span class='ocrx_word' id='word_1_192' title='bbox 1083 3484 1178 3530; x_wconf 90' lang='lat' dir='ltr'><strong>Procne</strong></span> 
     </span>
     <span class='ocr_line' id='line_1_28' title="bbox 225 3563 1178 3626; baseline 0 -14"><span class='ocrx_word' id='word_1_193' title='bbox 225 3579 276 3612; x_wconf 86' lang='lat' dir='ltr'><strong>was</strong></span> <span class='ocrx_word' id='word_1_194' title='bbox 286 3563 403 3626; x_wconf 80' lang='lat' dir='ltr'><strong>changed</strong></span> <span class='ocrx_word' id='word_1_195' title='bbox 409 3571 436 3613; x_wconf 91' lang='lat' dir='ltr'><strong>to</strong></span> <span class='ocrx_word' id='word_1_196' title='bbox 445 3579 460 3611; x_wconf 85' lang='lat' dir='ltr'><strong>a</strong></span> <span class='ocrx_word' id='word_1_197' title='bbox 469 3564 577 3612; x_wconf 85' lang='lat' dir='ltr'><strong>swallow</strong></span> <span class='ocrx_word' id='word_1_198' title='bbox 584 3565 634 3612; x_wconf 88' lang='lat' dir='ltr'><strong>and</strong></span> <span class='ocrx_word' id='word_1_199' title='bbox 642 3563 782 3612; x_wconf 86' lang='lat' dir='ltr'><strong>Philomela</strong></span> <span class='ocrx_word' id='word_1_200' title='bbox 788 3570 814 3612; x_wconf 93' lang='lat' dir='ltr'><strong>to</strong></span> <span class='ocrx_word' id='word_1_201' title='bbox 822 3579 837 3612; x_wconf 89' lang='lat' dir='ltr'><strong>a</strong></span> <span class='ocrx_word' id='word_1_202' title='bbox 846 3563 1009 3626; x_wconf 86' lang='lat' dir='ltr'><strong>nightingale.</strong></span> <span class='ocrx_word' id='word_1_203' title='bbox 1040 3577 1076 3613; x_wconf 89' lang='lat'><strong>11.</strong></span> <span class='ocrx_word' id='word_1_204' title='bbox 1091 3565 1178 3613; x_wconf 83' lang='lat' dir='ltr'><strong>libra-</strong></span> 
     </span>
     <span class='ocr_line' id='line_1_29' title="bbox 226 3646 1176 3712; baseline -0.002 -16"><span class='ocrx_word' id='word_1_205' title='bbox 226 3647 280 3696; x_wconf 63' lang='grc' dir='ltr'><strong>τίει</strong></span> <span class='ocrx_word' id='word_1_206' title='bbox 297 3649 376 3712; x_wconf 80' lang='lat' dir='ltr'><strong>poise.</strong></span> <span class='ocrx_word' id='word_1_207' title='bbox 423 3660 462 3696; x_wconf 89' lang='lat'><strong>12.</strong></span> <span class='ocrx_word' id='word_1_208' title='bbox 480 3650 594 3695; x_wconf 83' lang='lat' dir='ltr'><strong>turtur:</strong></span> <span class='ocrx_word' id='word_1_209' title='bbox 619 3647 774 3696; x_wconf 83' lang='lat' dir='ltr'><strong>turtle·dove.</strong></span> <span class='ocrx_word' id='word_1_210' title='bbox 823 3659 859 3711; x_wconf 81' lang='lat'><strong>15·</strong></span> <span class='ocrx_word' id='word_1_211' title='bbox 885 3646 1004 3695; x_wconf 82' lang='lat' dir='ltr'><strong>luvenla</strong></span> <span class='ocrx_word' id='word_1_212' title='bbox 1021 3646 1176 3696; x_wconf 79' lang='lat' dir='ltr'><strong>Phoceus:</strong></span> 
     </span>
    </p>

    <p class='ocr_par' dir='ltr' id='par_1_7' title="bbox 227 3729 398 3792">
     <span class='ocr_line' id='line_1_30' title="bbox 227 3729 398 3792; baseline 0.012 -16"><span class='ocrx_word' id='word_1_213' title='bbox 227 3729 269 3777; x_wconf 79' lang='lat' dir='ltr'><strong>ie.</strong></span> <span class='ocrx_word' id='word_1_214' title='bbox 284 3729 398 3792; x_wconf 80' lang='lat' dir='ltr'><strong>Pylades.</strong></span> 
     </span>
    </p>
   </div>
   <div class='ocr_carea' id='block_1_7' title="bbox 0 0 1509 4358">
    <p class='ocr_par' dir='ltr' id='par_1_8' title="bbox 0 0 1509 4358">
     <span class='ocr_line' id='line_1_31' title="bbox 0 0 1509 4358; baseline 0 0"><span class='ocrx_word' id='word_1_215' title='bbox 0 0 1509 4358; x_wconf 95' lang='lat' dir='ltr'><strong> </strong></span> 
     </span>
    </p>
   </div>
  </div>
 </body>
</html>
