2996 4368
603 315 741 373 ovm’s
772 315 859 372 mnu
1132 325 1199 397 139

193 514 225 565 45
252 501 361 582 Saepe
378 520 455 562 suos
472 499 587 563 solitus
603 499 741 562 recitare
758 499 948 580 Propertius
963 499 1060 582 ignis,

293 613 363 675 iure
380 611 527 675 sodalicii
543 611 599 694 qui
615 611 695 673 mihi
711 613 843 674 iunctus
859 620 938 675 erat.

252 724 408 786 Ponticus
424 725 535 799 her00,
554 725 678 786 Bassus
695 743 827 806 quoque
844 725 952 786 clarus
967 722 1086 786 iambis

294 836 403 899 dulcia
419 835 590 899 convictus
606 835 756 898 membra
772 836 866 899 luere
883 835 956 898 mei.

253 948 297 1009 Et
312 947 420 1011 tenuit
435 957 565 1010 nostras
581 967 778 1011 numerosus
797 947 957 1010 Horatius
973 947 1070 1023 auris,

194 1081 224 1133 50
295 1059 374 1122 dum
391 1059 468 1122 ierit
483 1060 635 1122 Ausonia
651 1059 798 1122 carmina
814 1061 904 1122 culta
920 1060 1000 1143 lyra.

251 1171 436 1252 Vergilium
452 1172 519 1235 vidi
534 1181 674 1246 tantum,
692 1188 753 1234 nec
770 1191 883 1234 amara
899 1172 1032 1234 Tibullo

295 1294 428 1365 tempus
444 1284 607 1347 amicitiae
624 1285 695 1346 fata
711 1283 832 1346 dedere
849 1303 951 1347 meae.

253 1396 435 1460 Successor
450 1396 515 1459 fuit
531 1397 584 1458 hic
599 1396 668 1471 tibi,
687 1395 802 1470 Galle;
828 1394 1018 1477 Propertius
1035 1395 1099 1473 illi;

297 1518 434 1590 quartus
450 1508 492 1570 ab
509 1508 560 1571 his
576 1508 661 1571 serie
677 1508 835 1590 temporis
851 1507 922 1589 ipse
939 1508 997 1570 fui.

194 1640 224 1693 55
254 1621 368 1702 thue
384 1640 448 1702 ego
464 1620 613 1695 maiores,
631 1619 677 1683 sic
694 1640 747 1682 me
764 1620 894 1683 coluere
910 1622 1065 1696 minores,
1166 1615 1170 1624 ’

298 1742 442 1815 notaque
458 1753 525 1795 non
541 1732 634 1795 tarde
651 1732 742 1795 iacta
757 1731 877 1795 Thalia
892 1752 966 1795 mea
982 1743 1041 1796 est.

254 1845 411 1909 Carmina
426 1864 501 1906 cum
518 1844 660 1925 primurn
676 1845 801 1925 populo
818 1844 971 1906 iuvenilia
987 1845 1062 1925 legi,

297 1956 401 2018 barba
416 1966 545 2020 resecta
560 1955 641 2019 mihi
656 1956 749 2020 bisve
766 1956 910 2019 semelve
925 1957 997 2018 fuit.

256 2069 410 2133 Moverat
424 2068 596 2150 ingenium
612 2078 714 2132 totam
732 2077 865 2132 cantata
881 2089 941 2150 per
956 2068 1073 2131 urbem

193 2189 227 2238 60
297 2181 431 2244 nomine
446 2201 514 2245 non
530 2200 609 2270 vero
625 2181 714 2244 dicta
730 2181 876 2246 Corinna
891 2180 981 2243 mihi.

256 2293 364 2356 Multa
379 2293 512 2376 quidem
529 2293 663 2374 scripsi;
689 2293 748 2356 sed
764 2313 849 2374 quae
865 2293 984 2356 vitiosa
999 2293 1123 2374 putavi,

298 2404 522 2469 emendaturis
537 2404 670 2487 ignibus
686 2405 758 2486 ipse
773 2405 857 2468 dedi.

254 2518 350 2581 Tunc
374 2538 505 2601 quoque
532 2537 607 2581 cum
630 2518 793 2600 lugerem,
811 2516 975 2599 quaedam
999 2517 1161 2599 placitura

342 2630 495 2705 cremavi,

299 2741 401 2804 iratus
417 2742 526 2804 studio
543 2741 810 2824 carminibusque
826 2742 917 2805 meis.

194 2853 226 2918 ⁶5
256 2852 359 2915 Molle
375 2853 569 2935 Cupidineis
585 2873 646 2916 nec
662 2854 920 2936 inexpugnabile
936 2855 1010 2917 telis

300 2986 357 3028 cor
371 2966 460 3041 mihi,
478 2966 633 3048 quodque
650 2966 732 3044 levis
748 2987 848 3029 causa
864 2976 1020 3041 moveret,
1038 2975 1117 3029 erat.

256 3078 339 3141 Cum
358 3088 471 3140 tamen
492 3078 544 3141 hic
561 3099 669 3142 essem
687 3077 889 3161 minimoque
910 3078 1110 3141 accenderer
1125 3074 1205 3158 igni,

299 3190 433 3253 nomine
449 3190 510 3253 sub
526 3201 639 3253 nostro
655 3191 769 3253 fabula
786 3190 876 3252 nulla
892 3190 965 3252 fuit.

259 3303 367 3365 Paene
383 3301 464 3364 mihi
480 3323 583 3384 puero
596 3322 657 3365 nec
673 3303 775 3383 digna
792 3322 852 3364 nec
869 3302 957 3364 utilis
973 3322 1054 3364 uxor
1223 3309 1269 3393 urs

196 3433 228 3481 70
300 3423 352 3476 est
367 3414 454 3489 data,
472 3434 557 3497 quae
573 3424 705 3495 tempus
721 3434 781 3495 per
796 3414 897 3476 breve
913 3423 1019 3494 nupta
1035 3413 1106 3476 fuit.
1225 3383 1314 3429 ΨΜ

259 3527 312 3588 llli
328 3526 487 3590 successit
503 3526 653 3609 quamvis
669 3527 740 3590 sine
757 3527 893 3589 crimine
910 3526 1063 3600 coniunx,

301 3659 369 3701 non
384 3648 496 3701 tamen
512 3641 546 3701 in
562 3648 675 3702 nostro
692 3640 786 3700 firma
802 3639 915 3701 lutura
931 3648 1012 3701 toro.

259 3749 397 3826 Ultima,
415 3771 499 3832 quae
515 3770 645 3814 mecum
662 3770 754 3814 seros
771 3751 954 3830 permansit
971 3749 1005 3811 in
1022 3769 1137 3823 annos,
