2948 4368
582 338 816 411 ΡΗΑΕΤΗΟΝ
1116 361 1164 434 37

212 547 248 602 at
263 537 348 601 caeli
363 538 518 600 miserere
534 545 591 598 tui.
640 535 866 619 Circumspice
882 545 1077 618 utrumque;

212 651 323 712 firmat
338 658 476 732 uterque
492 649 598 730 polus.
647 648 741 730 Quos
758 657 785 710 si
800 647 964 712 vitiaverit
979 648 1077 730 ignis,

212 761 297 825 atria
311 772 423 825 vestra
438 769 544 824 ruent.
591 759 691 822 Atlas
707 767 749 822 en
765 759 837 842 ipse
853 759 982 823 laborat

211 875 333 957 vixque
349 883 417 936 suis
433 882 555 936 umeris
570 873 769 936 candentem
787 871 928 936 sustinet
944 891 1048 935 axem.

151 1002 200 1054 ²75
213 987 251 1051 Si
266 987 362 1062 freta,
379 995 408 1048 si
422 995 531 1048 terrae
547 994 698 1067 pereunt,
717 994 745 1048 si
760 984 851 1066 regia
868 985 961 1060 caeli,

212 1101 247 1162 in
263 1100 366 1163 chaos
383 1109 556 1182 antiquum
573 1099 818 1163 confundimur.
866 1089 969 1180 Eripe
986 1097 1139 1173 flammis

212 1223 242 1276 si
258 1212 337 1296 quid
353 1212 461 1275 adhuc
478 1220 639 1294 superest,
656 1220 691 1274 et
706 1217 815 1274 rerum
831 1209 968 1274 consule
984 1209 1165 1273 summae.”

259 1325 398 1388 Dixerat
408 1323 492 1387 haec
501 1321 746 1407 Tellus(neque
756 1323 845 1386 enim
855 1322 996 1386 tolerare
1008 1330 1165 1405 vaporem
1184 1337 1265 1384 euti

213 1430 351 1500 ulterius
367 1437 475 1519 potuit
489 1456 551 1499 nec
567 1436 675 1499 dicere
691 1433 803 1518 plura)
818 1454 981 1518 suumque
1183 1413 1276 1532 ἓξὲξ

153 1558 202 1610 280
213 1550 341 1613 rettulit
355 1556 393 1611 os
408 1550 443 1611 in
460 1555 496 1611 se
512 1547 733 1631 propioraque
751 1545 909 1611 Manibus
925 1555 1030 1610 antra.
1182 1561 1228 1606 tre

212 1662 263 1724 At
278 1670 374 1742 pater
389 1660 599 1743 omnipotens
616 1667 754 1743 superos
769 1665 911 1722 testatus
927 1667 961 1721 et
976 1661 1085 1740 ipsum
1182 1634 1249 1681 Μ

214 1783 271 1856 qui
286 1773 424 1836 dederat
439 1779 565 1848 currus,
581 1772 645 1834 nisi
661 1791 759 1853 opem
775 1771 871 1846 ferat,
889 1772 1001 1833 omnia
1017 1771 1088 1832 fato

213 1885 388 1947 interitura
403 1893 506 1966 gravi,
524 1902 687 1946 summam
705 1881 788 1964 petit
804 1882 928 1944 arduus
944 1901 1065 1958 arcem,

216 1991 306 2054 unde
322 1991 407 2054 solet
423 1993 520 2055 nubis
537 1994 610 2056 latis
627 1993 784 2056 inducere
800 2002 905 2069 terris,

156 2109 203 2178 ²85
215 2104 305 2167 unde
321 2113 433 2168 movet
448 2104 600 2181 tonitrus,
617 2105 811 2187 vibrataque
827 2103 970 2167 fulmina
984 2103 1093 2168 iactat

216 2215 285 2281 Sed
300 2237 410 2298 neque
426 2225 509 2299 quas
525 2227 639 2299 posset
654 2227 750 2281 terris
766 2217 923 2280 inducere
939 2217 1037 2279 nubis

214 2340 295 2392 tunc
311 2328 436 2406 habuit,
453 2351 515 2394 nec
532 2338 615 2412 quos
631 2329 724 2394 caelo
740 2330 930 2392 demitteret
944 2329 1067 2391 imbris,

217 2441 363 2518 Intonat,
380 2451 414 2506 et
429 2443 545 2506 dextra
561 2442 715 2506 libratum
732 2442 861 2505 fulmen
877 2441 919 2504 ab
935 2461 1015 2503 aure
1186 2455 1317 2503 matthan

216 2553 304 2616 misit
320 2554 354 2616 in
370 2564 530 2637 aurigam,
549 2554 737 2636 pariterque
754 2555 931 2636 animaque
948 2563 1095 2635 rotisque
1186 2531 1253 2663 ξπ

156 2664 351 2746 290expulit‚
368 2676 402 2730 et
418 2674 534 2730 saevos
549 2666 756 2748 compescuit
772 2665 905 2747 ignibus
920 2674 1017 2747 ignis.
1186 2678 1355 2724 anunueroort

218 2775 485 2838 Consternantur
499 2783 585 2856 equi,
602 2784 636 2838 et
653 2776 739 2838 saltu
755 2774 790 2838 in
806 2777 971 2840 contraria
986 2776 1078 2837 facto

218 2886 303 2949 colla
318 2886 398 2967 iugo
413 2886 556 2968 eripiunt
572 2886 780 2969 abruptaque
797 2886 866 2951 lora
882 2887 1083 2969 relinquunt.

218 2997 291 3061 Illic
307 2999 404 3060 frena
419 2998 537 3074 iacent,
554 2998 620 3061 illic
635 3005 768 3062 temone
784 3000 936 3063 revulsus

218 3111 298 3186 axis,
315 3111 349 3172 in
366 3109 428 3174 hac
445 3111 528 3173 radii
543 3111 723 3173 fractarum
740 3121 836 3192 parte
852 3117 1007 3186 rotarum,

158 3249 207 3302 ²95
218 3241 401 3304 sparsaque
417 3231 495 3284 sunt
510 3223 576 3285 late
592 3223 692 3286 laceri
706 3223 848 3305 vestigia
863 3230 989 3285 curnis.

262 3333 312 3396 At
331 3334 512 3410 Phaethon,
531 3334 646 3397 rutilos
665 3333 798 3396 flamma
817 3335 999 3416 populante
1018 3333 1165 3416 capillos
1184 3348 1231 3395 nis

217 3445 362 3510 volvitur
375 3445 410 3508 in
426 3466 588 3528 praeceps
604 3447 772 3528 longoque
788 3467 850 3528 per
865 3453 942 3510 aera
958 3453 1065 3509 tractu
1184 3422 1242 3469 Μ

218 3559 333 3633 fertur,
351 3567 387 3620 ut
401 3559 567 3621 interdum
583 3558 626 3620 de
641 3558 734 3621 caelo
750 3558 846 3622 stella
862 3566 988 3636 sereno,

217 3678 281 3732 etsi
297 3677 363 3732 non
380 3670 505 3747 cecidit,
523 3670 631 3751 potuit
647 3670 806 3733 cecidisse
822 3670 935 3733 videri.

161 3812 207 3863 300
219 3781 329 3863 Quem
347 3783 497 3863 procula
514 3781 621 3863 patria
636 3782 766 3845 diverso
782 3781 943 3844 maximus
959 3781 1038 3844 orbe
