2996 4368
343 303 387 373 86
548 315 799 372 sunncmoxs
829 315 947 372 mom
977 316 1082 373 ovu)

340 497 491 560 nituntur
506 498 606 579 longo
619 498 762 580 'vestigia
778 519 902 581 ponere
918 500 1012 562 clivo,
1321 537 1350 586 70

383 611 529 673 Tantum
548 609 688 674 aberant
712 631 841 674 summo
862 621 1024 693 quantum
1044 613 1146 676 semel
1171 613 1218 678 ire
1244 635 1293 677 sa-

426 722 510 804 gitta

339 834 440 898 missa
456 844 575 917 potest,
592 835 713 898 flexere
729 835 843 898 oculos
859 845 893 898 et
908 856 1017 899 mersa
1033 837 1155 918 palude
1193 825 1198 836 ’

339 957 449 1011 cetera
465 946 682 1029 prospiciunt,
698 957 828 1009 tantum
845 969 905 1010 sua
920 957 1009 1012 tecta
1025 969 1168 1012 manere.

339 1059 497 1142 Dumque
514 1079 553 1122 ea
570 1060 738 1135 mirantur,
755 1060 834 1123 dum
851 1060 976 1124 deflent
992 1062 1063 1124 lata
1079 1082 1223 1136 suorum,

338 1171 394 1234 illa
408 1181 504 1236 vetus
520 1171 662 1234 dominis
678 1171 777 1235 etiam
796 1192 872 1235 casa
889 1193 992 1254 parva
1008 1173 1137 1236 duobus
1320 1189 1350 1241 75

337 1284 475 1347 vertitur
492 1284 525 1346 in
542 1284 724 1366 templum;
749 1285 862 1347 lurcas
879 1284 1010 1348 subiere
1027 1286 1210 1363 columnae,

339 1396 498 1459 stramina
514 1396 707 1472 flavescunt,
724 1405 906 1478 aurataque
923 1406 1012 1460 tecta
1028 1397 1189 1474 videntur,

338 1508 552 1591 caelataeque
568 1509 657 1572 iores
674 1508 900 1591 adopertaque
917 1529 1080 1572 marmore
1095 1510 1202 1573 tellus.

338 1620 434 1683 Talia
449 1630 519 1684 tum
536 1620 667 1702 placido
684 1620 859 1684 Saturnius
876 1621 979 1685 edidit
994 1642 1070 1685 ore:
1085 1632 1088 1638 ·

340 1737 358 1764 “
371 1732 489 1808 Dicite,
508 1732 591 1796 iuste
608 1753 718 1808 senex,
736 1743 769 1796 et
785 1733 911 1796 femina
928 1733 1068 1815 coniuge
1085 1734 1171 1797 iusto
1318 1738 1351 1789 80

338 1844 448 1926 digna,
466 1843 545 1926 quid
562 1844 715 1927 optetis.'’
762 1845 847 1909 Cum
865 1845 1011 1908 Baucide
1027 1867 1136 1927 pauca
1151 1847 1282 1910 locutus

245 2003 248 2008 .
337 1955 495 2020 iudicium
512 1957 640 2039 superis
658 1957 765 2038 aperit
781 1978 958 2024 commune
976 1959 1148 2021 Philemon
1161 1979 1180 2020 :·

340 2069 452 2131 “Esse
469 2069 659 2133 sacerdotes
672 2070 875 2152 delubraque
891 2080 1002 2134 vestra
1019 2072 1103 2134 tueri

338 2180 514 2262 poscimus
563 2181 607 2245 Et
623 2181 779 2263 quoniam
796 2182 969 2246 concordis
984 2182 1115 2265 egimus
1131 2204 1245 2258 annos

336 2293 468 2355 auferat
483 2294 565 2356 hora
581 2293 663 2356 duos
679 2294 806 2357 eadem.
855 2295 927 2358 Nec
942 2295 1093 2377 coniugis
1110 2317 1268 2378 umquam
1317 2297 1349 2363 85

258 2427 262 2437 ·
335 2403 434 2466 busta
451 2425 544 2468 meae
560 2406 701 2481 videam,
719 2426 784 2469 neu
801 2406 862 2470 sim
878 2398 1093 2471 tumulandus
1108 2408 1151 2471 ab
1166 2407 1253 2471 illa.'’

379 2517 468 2580 Vota
484 2517 566 2580 fides
582 2518 738 2599 sequitur.
785 2519 919 2602 Templi
935 2520 1039 2583 tutela
1054 2521 1159 2596 fuere,

335 2628 440 2692 donec
456 2629 525 2692 vita
539 2630 618 2693 data
634 2639 693 2693 est.
740 2631 851 2695 Annis
868 2652 1016 2714 aevoque
1032 2633 1131 2696 soluti

335 2750 412 2804 ante
428 2742 552 2823 gradus
568 2763 680 2806 sacros
695 2763 771 2806 cum
788 2753 915 2808 starent
930 2745 1017 2808 forte
1034 2745 1163 2827 locique

336 2863 509 2917 narrarent
525 2874 632 2930 casus
649 2855 806 2919 frondere
825 2857 1019 2919 Philemona
1037 2857 1167 2932 Baucis,
1315 2888 1348 2937 90

337 2965 484 3028 Baucida
499 2967 671 3048 conspexit
688 2967 798 3030 senior
814 2968 969 3032 frondere
987 2969 1167 3032 Philemon.

336 3077 474 3159 lamque
492 3098 592 3160 super
606 3079 758 3160 geminos
775 3091 945 3144 crescente
961 3083 1133 3144 cacumine
1149 3081 1260 3143 vultus

334 3198 458 3264 mutua,
476 3190 555 3252 dum
571 3190 671 3266 licuit,
689 3191 873 3255 reddebant
889 3192 985 3268 dicta,
1006 3194 1119 3257 “Vale
1130 3193 1147 3218 ”
1165 3213 1230 3274 que

335 3301 395 3364 “O
413 3302 585 3378 coniunx‚'’
603 3303 713 3366 dixere
730 3304 836 3380 simul,
854 3305 951 3367 simul
967 3305 1079 3368 abdita
1094 3305 1175 3369 texit

333 3432 391 3474 ora
407 3413 525 3476 frutex.
573 3415 730 3478 Ostendit
746 3417 855 3480 adhuc
871 3416 1069 3481 Thimnelus
1085 3417 1150 3481 illic
1313 3441 1345 3494 95

333 3524 441 3587 incola
456 3526 498 3587 de
514 3529 648 3606 gemino
665 3528 791 3590 vicinos
808 3548 946 3609 corpore
962 3538 1108 3593 truncos

323 3637 430 3713 ,Haec
446 3637 527 3699 mihi
542 3659 609 3701 non
626 3639 703 3700 vani
714 3637 839 3721 (neque
856 3650 926 3704 erat
939 3661 997 3703 cur
1014 3642 1130 3705 fallere
1145 3641 1287 3726 vellent)

332 3768 508 3812 narravere
525 3769 630 3813 senes.
679 3750 841 3834 Equidem
860 3753 1041 3832 pendentia
1057 3753 1125 3816 vidi
