2972 4358
298 234 367 318 184
499 239 751 298 SELECTIONS
782 240 899 298 FROM
931 239 1035 298 OVID

294 423 384 505 Quid
400 432 512 486 tamen
529 422 591 485 ista
607 422 699 499 fides,
718 423 797 504 quid
814 424 878 485 rari
895 423 1004 485 forma
1020 422 1147 499 coloris,

338 535 418 617 quid
433 556 497 598 vox
512 535 679 597 mutandis
696 535 871 617 ingeniosa
884 535 983 610 sonis,

295 647 374 731 quid
390 649 489 723 iuvat,
507 656 544 709 ut
560 648 658 709 datus
674 666 719 722 es,
736 656 870 710 nostrae
887 647 1051 728 placuisse
1068 647 1224 729 puellae?

340 759 463 822 Infelix
479 759 587 821 avium
604 759 718 841 gloria,
737 779 857 840 nempe
874 759 971 822 iaces.
1032 825 1034 828 ,
1275 784 1308 818 20

294 875 347 936 Tu
360 882 494 954 poteras
511 871 639 960 fragilis
656 871 768 952 pinnis
785 872 942 934 hebetare
960 872 1163 954 smaragdos

338 987 441 1047 tincta
457 1004 578 1066 gerens
594 983 693 1046 rubro
711 984 835 1046 Punica
851 993 957 1046 rostra
973 1004 1078 1047 croco.

296 1099 374 1160 Non
387 1097 450 1159 fuit
466 1098 500 1158 in
516 1096 612 1159 terris
629 1117 748 1159 vocum
766 1094 974 1159 simulantior
989 1097 1077 1174 ales;

339 1209 502 1273 reddebas
518 1208 632 1272 blaeso
648 1218 715 1271 tam
732 1209 818 1272 bene
833 1209 936 1272 verba
952 1229 1043 1272 sono.

297 1323 428 1405 Raptus
444 1342 480 1384 es
495 1322 637 1398 invidia3
662 1342 729 1384 non
747 1330 782 1383 tu
799 1321 872 1384 fera
888 1322 974 1384 bella
991 1322 1157 1397 movebas,

339 1434 492 1522 garrulus
508 1443 541 1497 et
557 1434 708 1516 placidae
725 1435 817 1514 pacis
836 1443 964 1496 amator
981 1454 1063 1497 eras.

298 1548 395 1622 Ecce,
413 1547 600 1609 coturnices
616 1546 703 1609 inter
719 1566 779 1608 sua
795 1547 920 1627 proelia
937 1545 1063 1622 vivunt,

340 1658 480 1721 forsitan
497 1668 529 1721 et
545 1659 626 1721 liant
642 1659 720 1721 inde
736 1659 930 1740 frequenter
946 1678 1038 1720 anus.

297 1771 419 1833 Plenus
435 1790 509 1833 eras
525 1770 670 1833 minimo.
720 1771 792 1833 Nec
809 1790 890 1851 prae
903 1769 1065 1833 sermonis
1080 1789 1193 1833 amore

339 1883 373 1943 in
389 1883 511 1944 multos
524 1891 658 1965 poteras
674 1902 732 1945 ora
748 1903 867 1946 vacare
884 1883 984 1945 cibos.
1279 1904 1313 1954 30

298 1996 376 2057 Nux
392 2003 463 2057 erat
478 2015 556 2057 esca
571 1995 630 2057 tibi
647 2015 834 2077 causaeque
853 2015 1021 2086 papavera
1037 1996 1154 2071 somni,

339 2106 549 2189 pellebatque
566 2108 653 2169 sitim
671 2107 828 2188 simplicis
846 2093 941 2170 umor
957 2128 1073 2189 aquae.

294 2219 386 2282 Vivit
398 2219 483 2281 edax
497 2219 608 2281 vultur
624 2219 817 2301 ducensque
835 2240 894 2302 per
910 2240 987 2283 aera
1003 2240 1103 2303 gyros

339 2332 460 2393 miluus
476 2340 509 2394 et
526 2331 658 2412 pluviae
675 2333 832 2413 graculus
850 2342 964 2396 auctor
980 2352 1105 2415 aquae;

295 2444 376 2506 vivit
392 2451 425 2506 et
441 2443 618 2506 armiferae
636 2445 750 2506 cornix
766 2445 873 2507 invisa
891 2446 1072 2521 Minervae,
1274 2467 1307 2519 35

338 2555 394 2617 illa
411 2555 544 2636 quidem
561 2556 679 2618 saeclis
694 2557 749 2618 vix
761 2558 919 2619 moritura
935 2577 1064 2622 novem.

297 2667 428 2731 Occidit
444 2668 500 2728 illa
517 2668 636 2749 loquax
654 2669 818 2731 humanae
834 2670 925 2731 vocis
941 2670 1062 2750 imago,

340 2780 512 2861 psittacus,
531 2789 678 2842 extremo
695 2800 816 2842 munus
833 2780 875 2842 ab
892 2780 970 2843 orbe
987 2781 1110 2843 datum.

342 2968 378 3017 19.
398 2960 447 3004 ut:
467 2957 546 3005 when.
585 2970 624 3005 20.
640 2969 761 3018 nempe:
783 2958 920 3019 assuredly.
956 2971 995 3006 21.
1016 2957 1174 3007 hebetare:
1194 2957 1247 3004 dim

294 3038 333 3087 the
347 3039 482 3101 brr'glrtness
496 3040 528 3104 ⁰s
540 3040 771 3100 —smaragdom
795 3039 923 3086 emeralds.
955 3052 993 3087 22.
1009 3039 1122 3089 Punica
1130 3042 1244 3087 rostra:

295 3137 311 3167 a
321 3121 415 3184 purple
429 3121 495 3168 beak.
505 3147 536 3156 -
545 3134 637 3171 croco
646 3139 651 3169 :
661 3122 758 3183 yellow.
798 3134 836 3183 23.
858 3121 1060 3170 simulantior:
1081 3137 1149 3169 more
1161 3122 1246 3168 imita-

294 3204 352 3250 tive.
391 3216 429 3264 24.
444 3203 564 3253 blaeso:
578 3206 679 3268 lisping.
718 3216 756 3266 27.
772 3204 962 3253 coturnices:
981 3204 1072 3267 quails.
1110 3203 1150 3252 28.
1163 3203 1247 3252 iorni-

294 3289 361 3334 tan:
383 3286 636 3350 perhaps—inde:
655 3288 702 3352 for
719 3286 773 3335 that
788 3302 884 3334 reason.
926 3299 964 3348 29.
985 3287 1110 3335 Plenus:
1129 3284 1244 3350 satisfied.

294 3379 420 3428 —prae:
440 3385 472 3416 on
485 3371 629 3434 accountoſs
671 3381 711 3431 31.
730 3381 817 3418 esca:
835 3369 904 3434 food.
920 3381 1119 3430 -papaverm
1134 3368 1245 3431 poppies.

296 3462 335 3512 33.
361 3463 466 3511 gyros:
492 3452 584 3498 circles.
623 3464 663 3513 34.
687 3450 811 3500 miluus:
831 3451 1097 3512 kile—graculus:
1116 3450 1243 3514 jackdaw.

294 3536 458 3582 —auoton
477 3533 622 3597 hardinger.
661 3545 700 3598 35.
721 3534 841 3582 cornix:
862 3550 935 3581 crow.
973 3533 1012 3595 36.
1033 3533 1157 3582 saeclis:
1173 3548 1246 3596 gene·

296 3617 395 3663 ralions
407 3614 435 3662 of
448 3614 605 3678 thirty-three
613 3615 668 3692 *and
681 3631 695 3662 a
707 3613 774 3664 third
785 3631 856 3674 years
869 3613 943 3674 each;
960 3615 1041 3663 hence
1051 3614 1122 3664 three
1132 3613 1247 3662 hundred

295 3713 372 3759 years.
