2996 4368
343 307 385 376 88
547 317 798 375 SELECTIONS
827 318 945 375 FROM
976 317 1080 376 OVID

145 497 265 547 nereum
340 520 375 563 re
391 500 519 582 probat,
537 510 571 564 et
587 500 688 563 missa
704 500 865 582 fugientia
881 512 977 582 terga
992 502 1115 583 sagitta
1319 515 1349 569 ²5

145 573 220 634 stays

145 647 245 696 Nessus

143 1522 261 1570 Hercules

143 1597 214 1644 laada

143 1670 192 1718 lolo

142 1745 244 1803 capon

339 612 455 676 traicit.
505 612 667 676 Exstabat
682 613 807 676 ferrum
825 614 866 677 de
883 622 1019 696 pectore
1034 614 1210 677 aduncum.

339 725 439 808 Quod
467 726 565 788 simul
591 724 742 788 evulsum
771 734 831 802 est,
860 724 997 807 sanguis
1025 745 1084 808 per
1111 735 1289 809 utrumque

425 839 576 901 foramen

337 950 471 1014 emicuit
487 949 607 1013 mixtus
626 949 768 1012 Lernaei
783 950 860 1013 tabe
876 949 1004 1013 veneni.

339 1062 472 1145 Excipit
504 1063 592 1125 hunc
626 1062 764 1125 Nessus.
817 1062 965 1144 “Neque
992 1061 1079 1125 enim
1111 1062 1290 1126 moriemur

425 1174 551 1252 inulti,”

338 1307 450 1350 secum
468 1287 521 1362 ait,
540 1297 573 1351 et
589 1285 695 1350 calido
710 1286 876 1349 velamina
892 1285 995 1350 tincta
1012 1307 1129 1350 cruore
1208 1331 1211 1336 -
1318 1322 1350 1373 30

337 1400 394 1463 dat
410 1420 531 1462 munus
547 1409 663 1481 raptae
679 1398 771 1462 velut
786 1398 962 1461 inritamen
979 1398 1108 1461 amoris.

383 1513 502 1593 Longa
518 1511 582 1574 fuit
594 1511 695 1574 medii
711 1531 802 1574 mora
818 1511 987 1593 temporis,
1005 1520 1145 1593 actaque
1161 1511 1276 1593 magni

340 1624 496 1688 Herculis
512 1625 690 1706 implerant
705 1633 819 1699 terras,
837 1623 1016 1706 odiumque
1032 1643 1203 1687 novercae.

339 1737 453 1802 Victor
469 1736 511 1799 ab
529 1721 690 1801 Oechalia
707 1736 840 1800 Cenaeo
856 1756 950 1798 sacra
966 1735 1106 1817 parabat

337 1858 415 1912 vota
432 1849 512 1925 lovi,
530 1869 605 1912 cum
622 1849 713 1911 fama
729 1849 849 1931 loquax
865 1847 1046 1929 praecessit
1062 1848 1103 1910 ad
1120 1847 1218 1925 auris,
1317 1873 1348 1926 35

338 1961 506 2037 Deianira,
524 1970 608 2037 tuas,
626 1981 711 2043 quae
726 1960 813 2024 veris
829 1960 953 2023 addere
969 1961 1056 2023 falsa

336 2074 460 2155 gaudet
476 2083 509 2137 et
524 2093 543 2137 e
559 2072 694 2136 minimo
712 2093 772 2136 sua
788 2093 848 2155 per
864 2072 1038 2136 mendacia
1054 2072 1172 2136 crescit

337 2185 663 2270 Amphitryoniaden
682 2186 771 2249 loles
787 2186 905 2248 ardore
922 2185 1035 2248 teneri.

336 2298 452 2362 Credit
467 2317 592 2374 amans,
611 2297 808 2380 venerisque
826 2318 933 2361 novae
950 2300 1125 2380 perterrita
1141 2299 1233 2362 fama

336 2411 470 2474 indulsit
488 2410 594 2493 primo
611 2410 754 2474 lacrimis
772 2411 949 2493 flendoque
965 2411 1111 2475 dolorem
1314 2433 1346 2479 40

335 2523 469 2587 diffudit
480 2523 668 2586 miseranda
679 2544 784 2586 suum.
815 2525 895 2586 Mox
905 2524 1033 2600 deinde,
1047 2524 1163 2606 “Quid
1173 2535 1287 2589 autem

335 2636 452 2699 flemus
464 2635 500 2698 ?’'
517 2637 571 2698 ait.
621 2635 752 2717 “Virgo
769 2635 912 2698 lacrimis
930 2635 1106 2700 laetabitur
1121 2638 1202 2701 istis

335 2749 431 2832 Quae
455 2748 611 2830 quoniam
636 2747 800 2825 adveniet,
824 2749 1071 2831 properandum
1095 2749 1286 2832 aliquidque

421 2860 611 2924 novandum
628 2870 688 2936 est,

334 2974 412 3036 dum
431 2974 507 3036 licet
523 2982 555 3036 et
572 2972 719 3035 nondum
735 2973 901 3038 thalamos
916 2983 1009 3038 tenet
1024 2973 1126 3038 altera
1141 2983 1283 3037 nostros.

335 3084 724 3167 Conqueraransileam?
747 3087 910 3168 Repetam
923 3086 1103 3171 Calydona,
1113 3086 1285 3150 morerne?
1313 3102 1344 3156 45

336 3199 504 3260 Excedam
521 3198 639 3262 tectis?
679 3198 746 3272 An,
764 3198 792 3260 si
808 3197 888 3260 nihil
904 3199 1057 3280 amplius,
1074 3198 1224 3261 obstem?

335 3310 425 3392 Quid
442 3309 469 3372 si
486 3329 548 3385 me,
569 3310 749 3390 Meleagre,
767 3319 858 3373 tuam
876 3331 1002 3373 memor
1018 3330 1091 3373 esse
1108 3330 1254 3373 sororem

334 3422 421 3486 forte
437 3443 519 3504 paro
535 3423 675 3499 facinus,
693 3432 920 3504 quantumque
936 3422 1055 3485 iniuria
1071 3423 1176 3505 possit

334 3534 566 3617 femineusque
582 3535 675 3598 dolor
690 3535 839 3616 iugulata
854 3534 982 3616 virgine
998 3541 1102 3597 testor
1113 3534 1124 3597 ?
1135 3535 1153 3560 ''

378 3649 419 3710 ln
436 3667 552 3710 cursus
568 3647 699 3708 animus
716 3646 824 3708 varios
841 3645 910 3709 abit
920 3667 927 3722 ;
952 3645 1104 3710 omnibus
1119 3645 1183 3710 illis
1316 3673 1346 3728 50

335 3758 492 3842 praetulit
507 3757 669 3821 imbutam
686 3759 816 3821 Nesseo
833 3757 995 3838 sanguine
1011 3767 1139 3823 vestem
