2948 4368
443 329 569 387 canas
598 331 687 388 nun
718 332 969 392 mosamius
1127 323 1169 396 61

155 537 188 591 95
218 519 425 593 pectoraque
439 513 475 573 in
491 514 600 575 tenuis
616 513 741 576 abeunt
756 515 898 578 evanida
914 517 1009 580 rivos

221 622 376 704 Denique
394 644 455 705 pro
469 624 545 687 vivo
561 625 693 688 vitiatas
710 628 873 708 sanguine
888 649 1001 700 venas,

219 735 358 817 lympha
368 734 467 811 subit,
488 746 657 818 restatque
668 737 749 801 nihil
760 739 848 821 quod
859 741 1022 822 prendere
1034 742 1152 824 possis

266 846 401 910 Interea
418 849 559 929 pavidae
576 849 777 932 nequiquam
795 851 861 914 lilia
877 852 974 916 matri
1192 853 1276 904 ceron·

218 958 375 1021 omnibus
391 969 444 1022 est
459 961 564 1036 terris
581 963 671 1024 omni
687 962 840 1044 quaesita
855 964 1032 1046 profundo.
1192 929 1313 1054 fflf'

154 1102 205 1138 100
221 1070 316 1133 Illam
333 1092 402 1134 non
419 1071 493 1134 udis
509 1073 646 1137 veniens
664 1074 797 1138 Aurora
812 1076 941 1158 capillis

218 1191 408 1246 cessantem
424 1184 515 1260 vidit,
533 1205 600 1248 non
619 1187 803 1268 Hesperus.
845 1189 907 1251 llla
922 1188 1053 1254 duabus

217 1295 436 1358 flammiferas
453 1297 551 1378 pinus
567 1297 720 1361 manibus
738 1300 910 1364 succendit
925 1301 966 1364 ab
984 1302 1106 1380 Aetna,

218 1428 345 1490 perque
362 1407 537 1489 pruinosas
553 1410 628 1473 tulit
643 1411 829 1493 inrequieta
845 1412 1008 1477 tenebras.

221 1520 349 1584 Rursus
366 1519 423 1582 ubi
439 1521 527 1583 alma
542 1521 613 1584 dies
629 1521 802 1586 hebetarat
818 1524 935 1600 sidera,
953 1535 1066 1590 natam

155 1657 207 1709 105
219 1631 297 1694 solis
313 1631 356 1694 ab
373 1651 494 1695 occasu
511 1634 589 1696 solis
605 1634 786 1715 quaerebat
802 1635 845 1698 ad
861 1646 961 1700 ortus.

263 1743 358 1826 Quas
374 1744 438 1807 dea
453 1765 513 1827 per
528 1753 633 1809 terras
649 1757 683 1810 et
699 1768 782 1829 quas
798 1750 955 1812 erraverit
970 1750 1088 1825 undas,

218 1856 328 1919 dicere
344 1855 446 1937 longa
462 1876 555 1920 mora
570 1868 630 1921 est.
678 1859 861 1941 Quaerenti
876 1860 983 1924 defuit
998 1860 1095 1925 orbis.

219 1968 387 2033 Sicaniam
404 1971 525 2051 repetit
538 1990 546 2046 ;
570 1971 716 2052 dumque
732 1972 844 2034 omnia
859 1971 978 2035 lustrat
993 1973 1112 2049 eund0,

216 2083 309 2158 venit
324 2092 359 2145 et
374 2082 417 2144 ad
434 2082 581 2166 Cyanen.
630 2083 681 2145 Ea
697 2083 730 2145 ni
747 2092 875 2146 mutata
890 2083 1018 2159 fuisset,

158 2219 208 2255 110
218 2195 330 2256 omnia
346 2205 533 2272 narrasset;
558 2195 617 2258 sed
634 2205 719 2258 etos
735 2205 770 2258 et
785 2195 900 2277 lingua
914 2197 1038 2260 volenti

219 2306 328 2370 dicere
344 2327 412 2369 non
429 2307 577 2382 aderant,
595 2327 656 2370 nec
673 2328 739 2390 quo
755 2308 945 2389 loqueretur
960 2308 1116 2372 habebat.

220 2417 325 2500 Signa
341 2428 454 2482 tamen
471 2419 649 2482 manifesta
665 2419 765 2496 dedit,
782 2429 962 2502 notamque
978 2421 1109 2503 parenti
1189 2431 1263 2482 cem

219 2528 275 2592 illo
290 2530 377 2593 forte
394 2531 466 2594 loco
482 2531 654 2613 delapsam
670 2531 705 2593 in
721 2531 854 2613 gurgite
870 2549 965 2594 sacro
1190 2505 1364 2640 gemm..

220 2642 450 2724 Persephones
466 2663 582 2706 zonam
599 2644 737 2706 summis
754 2643 899 2707 ostendit
913 2645 949 2706 in
965 2643 1072 2706 undis.
1189 2655 1272 2704 oudo

159 2780 189 2816 11
194 2779 207 2832 ς
220 2751 331 2834 Quam
344 2755 442 2816 simul
454 2755 599 2836 agnovit,
612 2764 781 2838 tamquam
794 2764 873 2818 tune
886 2754 1030 2837 denique
1042 2764 1172 2837 raptam

219 2864 346 2940 scisset,
363 2864 534 2929 inornatos
550 2865 686 2930 laniavit
701 2867 779 2930 diva
794 2866 942 2949 capillos

219 2986 254 3038 et
268 2977 409 3058 repetita
425 2977 493 3040 suis
510 2978 673 3059 percussit
690 2988 825 3060 pectora
842 2977 970 3060 palmis.

265 3088 382 3152 Nescit
393 3088 502 3152 adhuc
513 3089 569 3152 ubi
579 3091 639 3166 sit;
653 3099 757 3154 terras
768 3100 880 3154 tamen
891 3089 1042 3171 increpat
1055 3088 1171 3166 omnis,

219 3200 433 3282 ingratasque
448 3211 546 3264 vocat
561 3221 621 3264 nec
638 3201 775 3283 frugum
792 3221 929 3265 munere
945 3201 1074 3283 dignas

163 3340 211 3376 120
220 3311 425 3375 Trinacriam
441 3322 520 3376 ante
537 3313 627 3388 alias,
644 3314 677 3375 in
695 3333 761 3395 qua
777 3313 919 3394 vestigia
935 3313 1048 3375 damni

220 3422 375 3506 repperit.
423 3425 515 3506 Ergo
530 3425 595 3487 illic
611 3445 711 3488 saeva
725 3425 889 3488 vertentia
905 3424 1044 3506 glaebas

221 3535 323 3616 fregit
338 3545 447 3598 aratra
463 3557 573 3612 manu,
591 3536 752 3619 parilique
768 3539 852 3600 irata
867 3539 1002 3600 colonos

221 3647 445 3731 ruricolasque
461 3648 563 3712 boves
580 3650 646 3713 leto
662 3650 753 3712 dedit
769 3669 914 3731 arvaque
930 3650 1025 3713 iussit

222 3759 338 3824 fallere
354 3759 541 3842 depositum
557 3762 739 3846 vitiataque
755 3760 882 3826 semina
898 3760 987 3826 fecit.
