2948 4368
306 341 352 432 38
518 348 768 407 SELECTIONS
797 346 916 404 FROM
947 344 1051 403 OVID

307 528 428 611 excipit
445 519 619 603 Eridanus,
637 526 867 609 fumantiaque
883 525 987 588 abluit
1003 532 1069 587 ora.

308 641 435 705 Naides
453 641 639 723 Hesperiae
655 639 765 702 trifida
780 638 946 702 firmantia
961 637 1096 699 flamma

308 774 447 837 corpora
480 754 562 817 dant
599 753 735 828 tumulo,
771 762 906 834 signant
943 770 1075 834 quoque
1114 749 1259 812 carmine

395 886 529 930 saxum:

308 997 365 1042 mc
387 996 483 1041 srrvs
503 996 567 1041 nsr
590 995 777 1040 Pnanrnon
799 993 932 1039 cunnus
956 991 1087 1038 avaron
1108 990 1259 1035 Pnrnnur

308 1108 405 1166 Qvnm
448 1108 477 1153 sr
516 1108 585 1153 uon
619 1107 748 1152 rnnvm
790 1105 920 1151 Mncnrs
958 1104 1079 1149 TAMEN
1117 1104 1321 1168 nxcrn1r3o5

395 1219 501 1265 Avsrs.

720 1312 857 1339 —-·o·-

411 1461 453 1532 V.
487 1460 699 1532 BATTUS
725 1461 844 1530 AND
875 1458 1147 1530 MERCURY

233 1724 238 1729 .
354 1641 441 1705 Illud
458 1650 530 1704 erat
545 1651 678 1722 tempus
696 1661 760 1722 quo
777 1649 810 1702 te
827 1639 973 1722 pastoria
990 1640 1085 1721 pellis

308 1754 398 1830 texit,
416 1773 566 1835 onusque
582 1753 646 1815 fuit
660 1753 816 1815 baculum
834 1752 985 1815 silvestre
1001 1751 1163 1826 sinistrae,

309 1866 444 1929 alterius
460 1865 573 1946 dispar
589 1867 735 1946 septenis
752 1865 861 1927 fistula
877 1866 1001 1926 cannis.

311 1979 468 2059 Dumque
485 1998 578 2040 amor
594 1988 645 2040 est
660 1997 770 2052 curae,
783 1977 862 2039 dum
878 1986 913 2039 te
928 1985 985 2038 tua
1001 1977 1112 2038 fistula
1124 1975 1256 2050 mulcet,

309 2090 529 2154 incustoditae
547 2089 658 2174 Pylios
674 2097 900 2152 memorantur
914 2090 948 2150 in
966 2109 1064 2170 agros
1305 2111 1320 2164 ς

310 2202 511 2285 processisse
528 2201 639 2265 boves.
684 2202 786 2265 Videt
802 2203 862 2264 has
879 2200 1052 2263 Atlantide
1071 2199 1162 2262 Maia

309 2325 408 2377 natus
424 2299 457 2377 et
473 2324 543 2387 arte
560 2334 619 2377 sua
636 2313 725 2376 silvis
741 2314 886 2377 occultat
901 2314 1045 2376 abactas¹

310 2427 468 2491 Senserat
483 2427 546 2490 hoc
562 2427 688 2489 furtum
704 2445 811 2501 nemo,
829 2425 892 2488 nisi
908 2435 1007 2488 notus
1023 2425 1056 2487 in
1072 2424 1128 2488 illo

309 2559 384 2601 rure
401 2558 521 2613 senex;
546 2540 680 2600 Battum
696 2537 805 2600 vicina
820 2557 880 2618 per
895 2558 975 2600 arva
989 2537 1162 2600 vocabant.

312 2650 433 2713 Divitis
450 2650 502 2713 hic
519 2650 621 2712 saltus
638 2649 844 2731 herbosaque
860 2669 985 2731 pascua
1003 2649 1099 2712 Nelei
1290 2673 1321 2708 ιο

310 2762 535 2844 nobiliumque
550 2781 669 2843 greges
686 2770 799 2825 custos
815 2761 969 2825 servabat
984 2781 1155 2844 equarum.

312 2875 413 2936 Hunc
429 2874 536 2937 timuit
552 2873 740 2954 blandaque
757 2893 858 2935 manu
875 2873 1004 2936 seduxit
1020 2883 1053 2936 et
1067 2873 1123 2950 illi,
1140 2947 1144 2958 .

312 2985 497 3067 “Quisquis
509 3006 554 3060 es,
563 2985 717 3066 hospeS,'’
728 2985 782 3061 ait,
795 2987 848 3048 “si
858 2985 945 3048 forte
956 2996 1106 3049 armenta
1115 2986 1261 3068 requiret

311 3098 394 3161 haec
410 3097 537 3180 aliquis
554 3098 678 3160 vidisse
693 3117 789 3179 nega.
838 3099 915 3161 Neu
930 3099 1038 3179 gratia
1053 3099 1143 3162 facto

310 3210 401 3272 nulla
416 3209 626 3292 rependatur,
644 3209 781 3272 nitidam
799 3230 881 3292 cape
898 3211 1045 3292 praemia
1060 3211 1228 3273 vaccam.”
1293 3243 1323 3296 15

312 3323 356 3384 Et
372 3321 471 3404 dedit.
517 3321 670 3404 Accepta
685 3342 786 3385 voces
801 3323 862 3386 has
878 3322 1020 3386 reddidit
1037 3324 1178 3403 hospes:

312 3436 449 3497 “Tutus
464 3454 530 3497 eas
580 3433 683 3515 Lapis
699 3433 760 3497 iste
778 3434 869 3517 prius
884 3444 941 3496 tua
957 3435 1047 3497 furta
1063 3435 1245 3516 loquetur,’'

310 3555 344 3609 et
360 3546 504 3628 lapidem
518 3545 671 3609 ostendit.
721 3546 861 3611 Simulat
880 3547 959 3609 Iove
976 3556 1074 3609 natus
1090 3546 1190 3620 abire,

310 3678 387 3721 mox
402 3658 489 3720 redit
503 3667 537 3722 et
552 3678 649 3721 versa
665 3659 789 3740 pariter
804 3678 878 3721 cum
895 3679 976 3721 voce
993 3659 1108 3740 figura,

312 3776 330 3802 ‘⁴
342 3771 488 3845 Rustice,
505 3769 616 3833 vidisti
632 3769 660 3832 si
676 3790 759 3852 quas
776 3771 838 3833 hoc
854 3770 988 3846 limite,'’
1005 3770 1094 3847 dixit,
1292 3812 1325 3846 20
