2948 4368
309 306 349 371 18
512 314 761 372 SELECTIONS
791 315 908 371 FROM
939 313 1043 371 OVID

303 495 441 558 flumina
455 498 521 559 iam
530 497 641 588 iactis,
658 498 723 558 iam
740 497 877 559 flumina
893 496 1036 560 nectaris
1052 495 1153 571 ibant,

303 608 456 690 flavaque
472 608 514 671 de
529 608 625 670 viridi
641 608 810 672 stillabant
825 609 899 671 ilice
915 609 1022 671 mella.

348 721 526 802 Postquam
545 721 690 785 Saturni)
705 721 882 784 tenebrdsa
897 721 931 781 in
948 722 1088 783 Tartara
1104 719 1205 782 missi>
1276 743 1292 776 2

303 833 365 897 sub
384 833 463 896 Iove
478 833 623 895 mundus
639 842 719 909 erat,
737 832 838 895 subiit
851 846 1012 917 argentea
1028 835 1146 915 prrileS,

303 953 386 1008 auri>
400 945 551 1021 deterior,
569 946 662 1007 fulvi>
677 945 852 1027 pretidsior
868 964 953 1007 aere.

304 1057 456 1139 Iuppiter
471 1067 599 1140 antiqui
614 1057 777 1120 contraxit
792 1066 943 1137 tempora
959 1055 1055 1132 veris

302 1189 428 1252 perque
444 1161 578 1233 hiemes'
585 1176 764 1251 aestusque
780 1179 815 1232 et
829 1170 1013 1250 inaequalis
1030 1175 1206 1231 autumnds

301 1292 335 1345 et
350 1281 451 1345 breve
466 1289 524 1344 ver
540 1269 783 1364 spatiis'exegit
799 1291 955 1363 quattuor
971 1300 1105 1342 annum.

302 1395 389 1457 Tum
406 1404 548 1475 primum
565 1393 661 1457 siccis
676 1401 733 1456 aer
748 1393 934 1457 fervdribus
950 1400 1044 1454 ustus

302 1507 447 1582 canduit,
464 1516 497 1570 et
512 1516 620 1570 ventis
632 1483 760 1588 ¹glacies
776 1507 912 1569 astricta
928 1504 1097 1586 pependit.

227 1633 230 1638 ·
301 1619 388 1681 Tum
402 1629 544 1700 primum
556 1618 686 1682 subiere
701 1618 828 1682 domus.
859 1619 989 1680 Domus
1004 1626 1101 1680 antra
1116 1616 1252 1679 fuerunt

301 1740 335 1794 et
351 1731 446 1793 densi
462 1730 599 1794 frutices
616 1740 649 1793 et
664 1730 796 1794 vinctae
812 1730 934 1793 cortice
950 1731 1071 1810 virgae.

303 1843 438 1907 Semina
453 1852 524 1906 tum
541 1853 684 1925 primum
701 1842 809 1924 longis
826 1841 976 1907 Cerealia
992 1841 1092 1904 sulcis
1274 1856 1308 1909 35
1359 1905 1361 1908 .

302 1954 420 2032 obruta
436 1965 522 2031 sunt,
540 1965 712 2037 pressique
727 1954 807 2035 iugi)
822 1960 979 2036 gemuere
996 1952 1135 2016 iuvenci.

346 2069 459 2130 Tertia
475 2077 551 2149 post
566 2068 640 2129 illas
657 2066 816 2129 successit
833 2073 937 2129 aenea
953 2066 1073 2147 proles,

302 2179 431 2243 saevior
446 2181 589 2261 ingeniis
606 2189 639 2242 et
655 2178 697 2241 ad
715 2178 848 2242 horrida
865 2159 1049 2260 prdmptior
1065 2197 1166 2253 arma,

302 2300 369 2353 nim
385 2293 545 2355 scelerata
560 2301 682 2355 tamen.
724 2293 777 2354 De
793 2291 877 2352 dirrfi
892 2300 942 2353 est
959 2291 1075 2353 ultima
1091 2290 1188 2352 ferni.

304 2405 456 2466 Prdtinus
471 2405 597 2485 inrupit
612 2409 717 2466 venae
734 2403 855 2484 peidris
871 2404 904 2464 in
922 2422 1040 2465 aevum
1272 2414 1307 2462 40

302 2535 400 2578 omne
416 2486 666 2597 nefissfirgere
682 2515 790 2597 pudor
804 2521 986 2596 verumque
1002 2514 1159 2595 fidesque,

302 2628 336 2690 in
352 2635 492 2710 quinum
508 2628 639 2692 subiere
655 2628 764 2692 locum
781 2627 982 2708 fraudesque
998 2625 1129 2707 dolique

302 2740 507 2822 insidiaeque
522 2749 556 2803 et
571 2750 621 2803 vis
636 2750 670 2803 et
687 2760 779 2803 amor
795 2740 975 2802 sceleratus
992 2737 1145 2800 habendi.

303 2851 389 2914 Vela
399 2851 501 2913 dabat
515 2861 622 2915 ventis
638 2848 716 2932 (nec
734 2852 843 2916 adhuc
859 2854 945 2918 bene
962 2861 1102 2917 n6verat
1117 2853 1189 2915 illds

303 2961 439 3045 navita),
460 2983 611 3045 quaeque
628 2962 683 3026 diu
701 2972 861 3026 steterant
877 2964 911 3024 in
930 2962 1099 3024 montibus
1116 2961 1199 3036 altis,
1273 2973 1306 3025 45

303 3074 458 3137 fluctibus
473 3083 595 3156 ignitis
610 3076 811 3138 insultavere
828 3083 968 3137 carinae.

303 3187 589 3269 Communemque
606 3185 696 3268 prius
712 3206 774 3249 ceu
790 3186 915 3249 himina
931 3187 1009 3249 stilis
1026 3195 1059 3249 et
1074 3191 1181 3261 auras,

303 3307 421 3360 cautus
438 3299 575 3361 humum
592 3299 693 3379 longi>
709 3300 851 3379 signavit
867 3299 969 3361 limite
985 3305 1127 3361 mensor.

306 3411 337 3472 N
340 3431 378 3474 ec
394 3420 524 3474 tantum
542 3417 672 3492 segetes
688 3411 914 3492 alimentaque
930 3410 1041 3472 debita
1058 3410 1151 3473 dives

304 3523 503 3605 pascebatur
519 3524 649 3598 humus,
667 3523 724 3586 sed
740 3524 821 3584 itum
839 3532 891 3585 est
905 3523 939 3584 in
955 3533 1082 3585 viscera
1097 3531 1222 3594 terrae;
1275 3536 1307 3589 50

305 3642 453 3717 quisque
469 3634 699 3698 recondiderat
716 3634 908 3718 Stygiisque
924 3635 1116 3697 admdverat
1126 3632 1252 3696 umbris

304 3746 509 3810 effodiuntur
525 3754 615 3829 opeS,
633 3747 845 3809 inritamenta
861 3746 1032 3808 maldrum.
