2996 4368
326 310 392 380 126
524 319 776 379 snuncrrous
806 321 924 379 onom
956 322 1061 379 ovio

362 515 395 569 et
411 506 506 588 quasi
522 505 697 569 discedens
714 505 828 569 oscula
844 506 949 568 multa
964 505 1050 569 dedi.

317 619 427 700 Saepe
443 618 559 681 eadem
577 618 734 680 mandata
750 617 826 680 dedi
843 637 961 699 meque
977 617 1049 699 ipse
1065 617 1181 693 fefelli,

359 730 540 813 respiciens
557 729 662 793 oculis
678 732 819 811 pignora
836 750 912 793 cara
929 709 1020 793 meis.
1296 739 1328 788 60

318 842 481 924 Denique,
507 842 624 924 “Quid
644 841 805 924 propero?
853 841 991 926 Scythia
1012 850 1063 904 est
1086 862 1151 923 quo
1173 842 1270 904 mitti-

403 955 506 1031 mur,’'
523 954 674 1037 inquam3

361 1068 496 1129 “Roma
507 1066 725 1148 relinquenda
737 1075 797 1129 est.
831 1068 983 1148 Utraque
1000 1066 1086 1129 iusta
1099 1087 1191 1129 mora
1207 1076 1266 1129 est.

317 1180 409 1242 Uxor
425 1178 459 1241 in
475 1188 658 1241 extremum
674 1179 749 1241 vivo
766 1177 846 1240 mihi
862 1179 938 1240 viva
954 1187 1105 1259 negatur,

348 1299 392 1353 ‘et
408 1291 526 1353 domus
543 1299 576 1354 et
592 1291 677 1353 fidae
693 1289 802 1353 dulcia
818 1288 967 1353 membra
983 1290 1111 1364 domus,

315 1422 463 1485 quosque
479 1423 542 1484 ego
559 1401 657 1465 dilexi
672 1402 822 1464 fraterno
838 1421 929 1464 more
946 1401 1077 1477 sodalis,
1293 1405 1326 1471 65

359 1514 389 1578 O
406 1515 488 1576 mihi
503 1515 636 1577 Thesea
652 1523 787 1595 pectora
802 1515 915 1576 iuncta
931 1513 1005 1576 fide.

316 1627 406 1688 Dum
422 1627 506 1703 licet,
524 1621 713 1707 amplectar,
734 1646 916 1708 numquam
933 1626 1075 1689 fortasse
1091 1626 1202 1689 licebit

358 1738 517 1820 amplius;
541 1739 575 1800 in
591 1739 682 1801 lucro
700 1747 750 1800 est
766 1758 852 1819 quae
869 1738 966 1800 datur
983 1739 1065 1801 hora
1081 1737 1191 1799 mihi.’'

316 1851 388 1913 Nec
405 1870 505 1926 mora,
524 1852 686 1913 sermonis
701 1849 804 1912 verba
819 1849 1018 1930 imperfecta
1034 1849 1194 1931 relinquo,

357 1962 583 2044 complectens
599 1964 710 2024 animo
727 1963 877 2044 proxima
894 1982 1045 2044 quaeque
1062 1982 1144 2024 meo,
1243 1987 1246 1992 ·
1293 1977 1325 2025 70

316 2076 406 2136 Dum
422 2074 539 2156 loquor
554 2083 588 2136 et
603 2074 730 2148 flemus,
747 2075 840 2136 caelo
857 2073 1075 2136 nitidissimus
1091 2074 1168 2148 alt0,

358 2186 453 2250 stella
469 2185 580 2267 gravis
596 2185 700 2262 nobis,
720 2185 858 2248 Lucifer
874 2195 964 2250 ortus
980 2195 1059 2250 erat.

315 2298 454 2360 Dividor
464 2297 554 2360 haud
564 2297 659 2360 aliter
669 2318 768 2379 quam
782 2297 809 2360 si
821 2317 896 2360 mea
908 2298 1057 2361 membra
1069 2297 1264 2380 relinquam,

356 2420 390 2473 et
406 2430 483 2492 pars
499 2408 652 2490 abrumpi
667 2429 806 2490 corpore
821 2411 893 2472 visa
909 2430 969 2474 suo
980 2420 1045 2473 est.

314 2522 369 2586 Sic
385 2521 489 2585 doluit
507 2523 634 2584 Mettus
650 2530 729 2584 tunc
746 2542 821 2584 cum
838 2521 871 2583 in
888 2521 1053 2585 contraria
1068 2542 1182 2585 versos
1293 2545 1324 2596 75

356 2635 479 2696 ultores
496 2632 611 2696 habuit
627 2633 823 2715 proditionis
839 2653 953 2716 equos.

313 2747 399 2807 Tum
416 2765 494 2808 vero
510 2747 655 2808 exoritur
671 2746 795 2809 clamor
811 2746 1022 2828 gemitusque
1038 2766 1196 2813 meorum.

355 2867 389 2920 et
404 2857 529 2920 feriunt
544 2867 691 2920 maestae
707 2866 843 2940 pectora
859 2857 949 2920 nuda
966 2867 1093 2920 manus.

313 2971 398 3031 Tum
415 2989 493 3032 vero
509 2969 654 3032 coniunx
669 2971 792 3032 umeris
809 2967 961 3033 abeuntis
977 2970 1155 3032 inhaerens

356 3082 487 3144 miscuit
503 3081 585 3144 haec
602 3081 745 3144 lacrimis
761 3081 867 3144 tristia
883 3082 971 3145 dicta
988 3081 1074 3144 suis:
1289 3101 1323 3148 80

315 3194 418 3255 “Non
429 3203 525 3274 potes
535 3193 641 3257 avelli.
660 3193 766 3257 Simul
777 3194 864 3268 hinc,
877 3194 974 3256 simul
984 3193 1135 3270 ibimuS,''
1146 3193 1260 3275 inquit.

358 3310 375 3337 ‘⁶
386 3306 435 3367 Te
452 3326 570 3386 sequar
585 3316 619 3368 et
635 3306 778 3369 coniunx
795 3306 916 3369 exsulis
932 3305 1024 3368 exsul
1039 3326 1105 3368 ero.

313 3417 357 3479 Et
372 3417 452 3479 mihi
468 3418 559 3480 facta
573 3417 627 3480 via
642 3427 702 3493 est,
719 3427 752 3480 et
769 3438 821 3480 me
837 3420 927 3499 capit
943 3417 1057 3480 ultima
1075 3428 1170 3481 terra.

353 3529 523 3593 Accedam
542 3531 705 3611 profugae
721 3531 851 3593 sarcina
868 3551 970 3612 parva
985 3532 1057 3593 rati.

309 3643 360 3703 Te
375 3641 467 3705 iubet
482 3661 501 3703 a
518 3642 625 3723 patria
642 3642 812 3705 discedere
830 3642 982 3707 Caesaris
999 3641 1056 3718 ira,

353 3773 406 3816 me
422 3752 548 3835 pietas;
574 3753 681 3835 pietas
697 3754 779 3818 haec
797 3754 878 3816 mihi
895 3755 1018 3819 Caesar
1033 3753 1128 3816 erit.''
