2948 4368
448 292 639 350 ornamus
668 292 756 350 Ano
785 291 932 349 ‘rnrsss
1108 295 1155 368 47

287 605 401 678 VIII.
438 606 700 684 PYRAMUS
727 606 845 676 AND
873 603 1075 676 THISBE

250 807 412 890 Pyramus
427 816 461 870 et
476 806 612 882 Thisbe,
631 806 787 870 iuvenum
805 804 1047 887 pulcherrimus
1063 805 1156 880 alter,

203 919 318 995 altera,
336 939 419 1002 quas
435 919 545 982 oriens
562 918 688 994 habuit,
706 920 854 999 praelata
871 917 1000 999 puellis,

203 1031 380 1112 contiguas
396 1041 534 1095 tenuere
551 1031 676 1107 domos,
694 1029 751 1093 ubi
767 1030 887 1093 dicitur
902 1031 1004 1093 altam

202 1143 378 1207 coctilibus
394 1143 496 1206 muris
513 1143 653 1206 cinxisse
670 1141 862 1207 Semiramis
878 1141 1004 1205 urbem.

160 1271 173 1325 5
204 1256 368 1319 Notitiam
385 1255 577 1338 primosque
593 1255 717 1336 gradus
732 1254 853 1317 vicinia
869 1254 969 1330 fecit;

149 1399 152 1402 ·
202 1378 355 1450 tempore
367 1369 471 1430 crevit
483 1388 584 1431 amor.
619 1367 759 1432 Taedae,
773 1387 904 1449 quoque
917 1366 987 1429 iure
1003 1365 1157 1442 coissent,

203 1480 263 1543 sed
279 1489 415 1542 vetuere
431 1489 553 1560 patres.
601 1479 703 1561 Quod
717 1499 784 1541 non
801 1487 940 1560 potuere
956 1488 1077 1554 vetare,
1177 1502 1230 1549 ruo

202 1611 245 1653 ex
260 1612 367 1673 aequo
383 1591 491 1672 captis
506 1591 669 1655 ardebant
684 1590 851 1654 mentibus
867 1590 974 1654 ambo
1175 1577 1265 1698 <¹:5⁰¹

205 1704 368 1767 Conscius
384 1703 492 1766 omnis
508 1702 619 1780 abest;
644 1713 728 1766 nutu
745 1703 915 1784 signisque
931 1704 1119 1786 loquuntur.
1175 1726 1242 1774 rm

147 1842 176 1878 10
205 1817 349 1900 Quoque
365 1816 473 1897 magis
489 1815 621 1897 tegitur,
638 1824 746 1878 tectus
763 1815 870 1897 magis
886 1825 1016 1878 aestuat
1031 1816 1126 1898 ignis.

250 1927 366 1990 Fissus
383 1937 455 1990 erat
470 1927 563 1990 tenui
578 1928 669 2003 rima,
687 1948 786 2010 quam
804 1927 943 1990 duxerat
959 1929 1036 1991 olim

205 2060 283 2103 cum
299 2041 402 2116 fieret,
420 2039 529 2121 paries
545 2039 659 2103 domui
675 2039 860 2103 communis
877 2041 1017 2122 utrique.

209 2153 249 2215 Id
264 2152 382 2214 vitium
398 2151 480 2214 nulli
497 2171 556 2232 per
572 2151 706 2215 saecula
722 2151 823 2233 longa
840 2161 989 2215 notatum

206 2261 301 2347 (quid
317 2284 385 2326 non
401 2263 503 2327 sentit
518 2283 611 2326 amor
622 2262 650 2347 ?)
667 2263 765 2344 primi
779 2263 917 2340 vidistis,
935 2273 1095 2340 amantes,

152 2394 180 2446 ¹5
208 2387 241 2440 et
255 2376 346 2440 vocis
361 2375 488 2439 fecistis
503 2375 574 2438 iter.
621 2376 795 2458 Tutaeque
811 2396 870 2456 per
886 2376 966 2439 illud

209 2507 377 2551 murmure
393 2487 574 2551 blanditiae
591 2487 727 2551 minimo
743 2487 884 2551 transire
901 2487 1062 2551 solebant.

210 2602 330 2681 Saepe,
358 2600 416 2663 ubi
449 2600 676 2677 constiterant,
712 2600 789 2664 hinc
827 2601 963 2677 Thisbe,
1000 2602 1161 2683 Pyramus

295 2712 395 2788 illinc,

208 2825 310 2908 inque
324 2824 415 2888 vices
431 2825 541 2914 fuerat
556 2833 711 2908 captatus
727 2825 895 2888 anhelitus
911 2824 986 2901 oris,

210 2942 228 2969 “
240 2936 390 3012 Invide,”
405 2936 569 3012 dicebant,
585 2941 603 2968 “
613 2936 731 3018 parieS,
739 2935 817 3019 quid
830 2937 1018 3000 amantibus
1028 2937 1162 3001 obstas?

155 3075 183 3110 20
211 3051 283 3112 Nec
300 3068 415 3112 sumus
430 3048 572 3130 ingrati3
596 3048 656 3111 tibi
671 3069 732 3111 nos
749 3048 869 3112 debere
885 3050 1041 3126 fatemur,

209 3161 299 3242 quod
315 3161 413 3223 datus
429 3170 480 3224 est
495 3160 605 3224 verbis
620 3160 662 3223 ad
679 3161 802 3224 amicas
817 3161 977 3226 transitus
993 3161 1114 3225 auris''

209 3273 306 3335 Talia
321 3272 452 3336 diversa
467 3274 669 3355 nequiquam
685 3274 764 3337 sede
779 3273 881 3337 locuti

210 3384 273 3448 sub
289 3393 423 3449 noctem
439 3385 550 3448 dixere
568 3384 679 3461 ‘vale'
696 3385 849 3466 partique
865 3386 988 3450 dedere

211 3496 325 3560 oscula
340 3498 481 3579 quisque
497 3517 576 3560 suae
593 3517 659 3560 non
676 3497 904 3580 pervenientia
919 3508 1043 3562 contra.

157 3637 185 3689 25
257 3610 397 3672 Postera
411 3618 592 3672 nocturnos
608 3629 726 3672 aurora
742 3619 928 3673 removerat
943 3610 1041 3692 ignis,

213 3720 327 3802 solque
343 3719 519 3804 pruinosas
535 3721 635 3784 radiis
651 3723 833 3785 siccaverat
848 3721 986 3798 herbas;
