2996 4368
374 345 461 403 THE
492 345 747 403 VENGEANCE
777 345 829 402 OF
858 343 1004 402 NESSUS
1113 334 1158 424 89

210 530 348 605 mittere,
366 548 452 611 quae
467 530 545 591 viris
561 529 693 592 delecto
710 529 826 592 reddat
841 525 954 591 amori.

211 643 400 723 Ignaroque
419 641 553 718 Lichae,
570 641 650 723 quid
666 641 776 705 tradat
792 639 914 716 nescia,
932 641 1041 703 luctus

210 754 281 836 ipsa
298 773 377 817 suos
392 753 501 829 tradit,
518 753 715 836 blandisque
732 753 916 816 miserrima
930 751 1040 816 verbis

162 876 187 928 55
211 867 297 929 dona
313 866 372 929 det
385 865 442 928 illa
458 867 527 928 viro
543 866 688 929 mandat.
737 866 837 946 Capit
853 865 976 928 inscius
993 865 1100 940 heros,

211 978 423 1060 induiturque
439 978 561 1041 umeris
578 979 751 1041 Lernaeae
767 976 857 1040 virus
873 977 1044 1041 echidnae.

252 1091 345 1154 Tura
361 1090 463 1154 dabat
479 1090 594 1172 primis
610 1099 643 1153 et
658 1090 760 1153 verba
777 1089 949 1172 precantia
965 1089 1115 1165 flammis,
1177 1093 1278 1143 noun·

210 1203 353 1285 vinaque
370 1223 572 1266 marmoreas
588 1212 704 1285 patera
719 1202 883 1266 fundebat
898 1202 931 1264 in
947 1222 1033 1278 aras,
1178 1169 1302 1230 ΜΨ

211 1315 346 1379 incaluit
362 1317 412 1378 vis
427 1315 484 1378 illa
499 1314 586 1392 mali,
603 1316 814 1397 resolutaque
830 1314 972 1377 flammis

160 1431 188 1481 ⁶0
214 1428 400 1491 Herculeos
416 1427 497 1490 abiit
513 1428 578 1490 late
590 1426 720 1509 dilapsa
734 1447 795 1510 per
809 1437 910 1490 artus.

215 1533 303 1594 Dum
320 1532 437 1614 potuit,
454 1531 551 1595 solita
567 1532 728 1613 gemitum
744 1532 864 1594 virtute
880 1531 1056 1614 repressit;

211 1643 297 1708 victa
314 1644 410 1706 malis
426 1629 603 1726 postquam
620 1653 671 1707 est
687 1643 857 1724 patientia,
874 1645 1020 1726 reppulit
1035 1663 1120 1720 aras,

212 1754 427 1839 implevitque
442 1755 511 1819 suis
527 1775 739 1819 nemorosum
756 1755 893 1819 vocibus
910 1756 1029 1820 Oeten.

214 1872 285 1934 Nec
301 1889 404 1946 mora,
422 1868 586 1932 letiler'am
603 1878 741 1932 conatur
757 1864 908 1932 scindere
923 1879 1070 1944 vestem;

160 1991 187 2058 ⁶5
213 2003 276 2066 qua
291 1981 442 2058 trahitur,
460 1981 562 2045 trahit
578 1981 634 2044 illa
650 1991 768 2058 cutem,
786 1981 989 2062 foedumque
1006 1980 1121 2056 relatu,

212 2105 267 2159 aut
283 2097 399 2158 haeret
415 2093 571 2158 membris
588 2094 713 2157 frustra
728 2102 891 2174 temptata
907 2092 1022 2156 revelli

212 2219 268 2272 aut
283 2210 409 2272 laceros
425 2218 517 2271 artus
532 2216 566 2270 et
581 2205 721 2289 grandia
736 2205 863 2288 detegit
878 2225 963 2268 ossa.

213 2323 290 2404 Ipse
306 2341 412 2398 cruor,
430 2319 541 2402 gelido
556 2339 617 2383 ceu
634 2319 802 2400 quondam
820 2317 942 2380 lamina
959 2317 1106 2380 candens

212 2434 315 2498 tincta
331 2435 414 2509 lacu,
432 2433 549 2507 stridit,
568 2433 785 2513 coquiturque
801 2431 939 2493 ardente
954 2449 1094 2492 veneno.

256 2548 329 2611 Nec
341 2546 459 2610 modus
472 2553 531 2609 est.
579 2543 722 2608 Sorbent
735 2543 851 2606 avidae
868 2541 1061 2624 praecordia
1073 2541 1161 2604 flam·

162 2675 189 2724 70
296 2679 381 2735 mae,

213 2773 449 2853 caeruleusque
464 2769 536 2833 fluit
550 2779 620 2833 toto
635 2769 677 2832 de
694 2787 832 2849 corpore
848 2767 956 2843 sudor,

213 2883 422 2966 ambustique
438 2891 558 2946 sonant
574 2882 685 2956 nervi;
709 2899 876 2962 caecaque
892 2877 1045 2942 medullis

213 2993 286 3056 tabe
303 2992 490 3075 liquefactis
506 2991 627 3055 tollens
643 2991 686 3053 ad
703 2989 813 3053 sidera
829 2988 967 3070 palmas

214 3110 231 3137 “
242 3105 430 3178 Cladibus,”
448 3103 621 3178 exclamat,
640 3107 658 3134 ⁴⁴
671 3101 837 3176 Saturnia,
856 3118 993 3180 pascere
1010 3099 1140 3162 nostris.

163 3237 188 3289 75
214 3219 360 3292 Pascere,
378 3226 410 3280 et
427 3217 512 3279 hanc
529 3225 658 3297 pestem
676 3223 799 3295 specta,
818 3212 969 3287 crudelis,
988 3212 1029 3274 ab
1046 3211 1122 3286 alt0,

214 3301 337 3412 corque
349 3330 457 3392 ferum
474 3329 566 3391 satia.
613 3328 678 3390 Vel
694 3326 721 3388 si
737 3324 945 3387 miserandus
962 3332 995 3386 et
1012 3322 1107 3399 hosti,

214 3442 274 3505 hoc
290 3451 341 3506 est
357 3440 385 3504 si
400 3441 459 3504 tibi
476 3460 559 3516 sum,
576 3438 655 3502 diris
671 3437 871 3501 cruciatibus
888 3456 1022 3517 aegram

213 3555 417 3635 invisamque
433 3551 577 3615 animam
594 3561 773 3632 natamque
791 3547 959 3612 laboribus
975 3547 1078 3610 auler.

215 3667 305 3729 Mors
318 3666 399 3728 mihi
411 3685 531 3728 munus
543 3665 623 3741 erit;
639 3663 736 3727 decet
749 3663 832 3724 haec
845 3661 923 3724 dare
936 3660 1025 3722 dona
1041 3677 1154 3721 nover-
