2996 4368
573 295 781 354 nucuurm
1082 304 1146 375 113

206 497 275 541 cum
292 476 401 542 subito
417 487 509 542 motu
525 499 644 561 saepes
660 488 825 543 tremuere
842 477 1003 543 sinistrae.

246 591 385 655 Rettulit
399 592 456 664 ille
471 591 605 673 gradus,
623 593 887 674 horrueruntque
903 611 1027 656 comae.

206 703 342 766 Pulcher
357 713 391 767 et
406 704 552 767 humano
568 704 672 767 maior
687 703 868 788 trabeaque
883 704 1023 784 decorus

155 828 182 879 30
246 816 409 879 Romulus
424 817 458 878 in
474 817 583 881 media
597 816 689 880 visus
705 816 822 880 adesse
837 818 892 880 via

205 938 235 991 et
249 928 369 992 dixisse
385 928 504 992 simul:
522 929 694 993 “Prohibe
711 930 824 1011 lugere
841 929 989 1012 Quiritis,

245 1061 305 1104 nec
320 1042 446 1105 violent
462 1040 606 1122 lacrimis
622 1042 758 1105 numina
774 1050 888 1106 nostra
903 1041 982 1105 suis.

204 1154 292 1216 Tura
307 1155 419 1218 ferant
433 1155 633 1237 placentque
646 1174 768 1218 novum
782 1156 838 1237 pia
850 1154 947 1217 turba
963 1153 1149 1237 Quirinum,

245 1275 278 1330 et
293 1267 417 1349 patrias
433 1268 513 1331 artis
528 1266 745 1350 militiamque
761 1267 903 1330 colant.”

152 1393 179 1447 35
205 1378 313 1456 Iussit,
330 1379 412 1443 etin
428 1379 537 1444 tenuis
553 1379 657 1443 oculis
673 1379 809 1443 evanuit
824 1399 927 1442 auras

246 1483 418 1556 Convocat
432 1491 486 1554 hic
502 1493 646 1575 populos
662 1491 818 1574 iussaque
833 1491 936 1555 verba
950 1491 1061 1555 refert.

202 1604 344 1687 Templa
359 1605 421 1668 deo
436 1604 529 1680 fiunt,
546 1603 640 1667 collis
656 1624 788 1688 quoque
804 1603 911 1667 dictus
927 1603 969 1667 ab
985 1603 1041 1668 illo
1057 1611 1116 1680 est,

246 1725 280 1779 et
295 1716 444 1780 referunt
459 1715 540 1780 certi
556 1736 651 1780 sacra
666 1725 806 1799 paterna
822 1715 901 1780 dies.

444 2095 611 2167 XXVII.
643 2095 923 2167 LUCRETIA

204 2275 356 2357 Cingitur
371 2277 498 2340 interea
516 2275 676 2339 Romanis
692 2275 807 2340 Ardea
823 2275 936 2358 signiS,

246 2397 280 2452 et
295 2389 417 2470 patitur
433 2389 551 2470 longas
567 2387 739 2451 obsidione
756 2407 873 2451 moras.

186 2583 189 2588 ι
204 2502 296 2564 Dum
308 2510 413 2577 vacat,
425 2510 459 2564 et
474 2509 626 2564 metuunt
642 2500 755 2564 hostes
771 2499 977 2564 committere
993 2520 1150 2582 pugnam,

247 2611 369 2676 luditur
383 2615 418 2674 in
435 2612 560 2688 castris,
578 2613 644 2675 otia
660 2612 755 2676 miles
770 2612 858 2693 agit;

163 2747 175 2800 ς
202 2726 403 2807 Tarquinius
419 2724 546 2788 iuvenis
563 2725 669 2788 socios
686 2724 895 2806 dapibusque
911 2744 1068 2806 meroque

247 2836 375 2918 accipit.
424 2837 476 2900 Ex
490 2836 554 2899 illis
570 2857 649 2918 rege
665 2845 797 2900 creatus
812 2836 879 2899 ait:

204 2929 326 3012 “Dum
342 2969 403 3012 nos
419 2948 578 3012 sollicitos
595 2949 691 3030 pigro
707 2957 799 3012 tenet
813 2948 929 3012 Ardea
944 2947 1041 3024 bello,

246 3082 307 3125 nec
324 3060 401 3124 sinit
416 3061 458 3123 ad
475 3062 601 3141 patrios
617 3080 709 3123 arma
725 3060 850 3124 referre
866 3060 955 3136 deos,

201 3173 322 3256 ecquid
338 3171 372 3235 in
388 3171 497 3236 officio
512 3181 603 3235 torus
620 3180 671 3235 est
687 3173 841 3236 socialis?
888 3173 932 3235 Et
947 3170 1065 3254 ecquid

149 3310 176 3346 ro
246 3284 443 3367 coniugibus
459 3287 580 3349 nostris
596 3293 711 3348 mutua
727 3305 806 3348 cura
822 3305 936 3347 sumus
947 3284 958 3346 ?
970 3284 988 3309 '’

203 3398 354 3481 Quisque
371 3417 466 3460 suam
483 3397 604 3460 laudat,
651 3396 777 3460 Studiis
793 3396 974 3460 certamina
990 3406 1151 3473 crescunt,

247 3520 280 3574 et
296 3510 403 3574 fervet
419 3509 523 3573 multo
541 3510 721 3592 linguaque
738 3530 860 3592 corque
877 3530 977 3574 mero

204 3622 319 3704 Surgit
334 3621 387 3686 cui
402 3621 539 3686 dederat
555 3623 680 3685 clarum
698 3620 838 3687 Collatia
854 3642 992 3698 nomen;
1097 3701 1099 3706 ,

249 3735 357 3798 “Non
374 3755 458 3816 opus
474 3743 526 3798 est
540 3734 657 3810 verbis,
676 3733 797 3798 credite
813 3734 942 3811 rebus‚’'
959 3734 1013 3797 ait.

372 3865 381 3900 1
