2996 4368
469 340 595 416 JASON
625 340 714 396 AND
746 340 892 396 MEDEA
1110 345 1155 418 77

185 523 340 604 Nempe
370 531 488 585 tenens
514 523 602 605 quod
633 543 717 598 amo,
745 522 937 604 gremioque
967 523 1001 584 in
1029 520 1158 584 Iasonis

294 635 435 698 haerens

206 767 267 828 per
279 748 368 810 freta
380 748 479 828 longa
492 748 590 810 ferar.
632 746 724 809 Nihil
735 746 827 809 illum
838 746 990 827 amplexa
999 744 1156 823 vereb0r;

205 869 273 934 aut,
291 861 319 921 si
335 859 414 941 quid
430 868 582 934 metuam,
600 868 745 922 metuam
762 859 804 922 de
820 859 963 940 coniuge
980 860 1059 921 solo.

205 971 452 1052 Coniugiumne
470 981 577 1054 putas,
595 970 812 1053 speciosaque
828 972 964 1033 nomina
980 972 1099 1052 culpae

145 1112 177 1160 70
205 1083 359 1164 imponis,
378 1083 510 1159 Medea,
527 1084 627 1146 tuae?
673 1083 764 1164 Quin
780 1084 893 1172 aspice
909 1092 1071 1166 quantum

205 1195 404 1276 aggrediare
420 1196 527 1271 nefas,
543 1204 577 1258 et
593 1196 671 1258 dum
688 1194 774 1271 licet,
791 1196 905 1276 effuge
921 1195 1077 1259 crimen.''

207 1307 311 1369 Dixit.
360 1307 403 1369 Et
419 1316 496 1369 ante
512 1307 625 1370 oculos
641 1318 768 1370 rectum
785 1309 958 1390 pietasque
974 1308 1147 1390 pudorque

205 1418 434 1494 constiterant,
451 1429 485 1482 et
500 1419 588 1483 victa
604 1417 706 1482 dabat
722 1419 787 1481 iam
804 1428 898 1501 terga
916 1420 1054 1502 Cupido.

252 1531 330 1610 lbat
346 1531 388 1593 ad
404 1531 558 1613 antiquas
576 1532 724 1594 Hecates
742 1531 915 1595 Perseldos
931 1552 1016 1606 aras,

145 1655 177 1708 75
204 1663 292 1725 quas
308 1662 425 1705 nemus
441 1643 633 1706 umbrosum
650 1653 844 1726 secretaque
860 1644 944 1707 silva
958 1643 1103 1725 tegebat.

204 1754 250 1815 Et
265 1754 334 1814 iam
350 1753 445 1816 fortis
461 1763 533 1816 erat
548 1753 730 1836 pulsusque
746 1753 916 1817 resederat
931 1754 1038 1829 ardor,

202 1885 282 1928 cum
298 1864 389 1928 videt
405 1865 609 1941 Aesoniden,
627 1867 857 1947 exstinctaque
873 1865 1007 1928 flamma
1024 1867 1148 1929 reluxit.
1177 1879 1243 1926 tore

204 1975 380 2039 Erubuere
397 1997 513 2058 genae,
530 1987 667 2060 totoque
684 1978 858 2041 recanduit
873 1997 938 2040 ore.
1176 1955 1276 2001 revives

203 2088 322 2169 thue
340 2087 424 2150 solet
438 2086 546 2150 ventis
562 2087 719 2150 alimenta
735 2088 919 2162 adsumere,
937 2106 1089 2169 quaeque

143 2215 175 2265 80
203 2219 311 2281 parva
327 2198 389 2262 sub
404 2198 541 2262 inducta
556 2199 651 2262 latuit
667 2199 811 2262 scintilla
826 2199 949 2275 favilla,

179 2357 182 2361 -
203 2330 357 2374 crescere
373 2321 407 2375 et
422 2311 455 2373 in
472 2320 601 2375 veteres
617 2312 743 2393 agitata
759 2330 931 2392 resurgere
947 2310 1044 2387 viris;

204 2424 253 2485 sic
270 2421 336 2484 iam
353 2425 461 2486 lentus
478 2445 579 2497 amor,
596 2423 662 2486 iam
679 2443 778 2505 quem
796 2425 954 2504 languere
971 2433 1116 2504 putares,

204 2544 243 2597 ut
258 2534 342 2598 vidit
357 2537 520 2612 iuvenem,
539 2535 650 2619 specie
667 2536 852 2617 praesentis
868 2534 991 2598 inarsit.

253 2647 298 2708 Et
313 2667 394 2710 casu
410 2648 506 2711 solito
522 2647 699 2711 formosior
714 2648 851 2710 Aesone
867 2655 965 2710 natus

144 2770 176 2836 85
206 2757 264 2821 illa
280 2759 353 2822 luce
369 2760 441 2822 fuit.
489 2759 607 2823 Posses
622 2759 796 2841 ignoscere
811 2761 945 2821 amanti.

207 2871 347 2953 Spectat
363 2881 395 2935 et
411 2871 444 2933 in
460 2872 553 2953 vultu
568 2872 671 2935 veluti
687 2882 756 2934 tum
773 2871 916 2954 denique
933 2870 1004 2934 viso

207 2982 334 3046 lumina
349 2984 413 3045 fixa
429 2992 529 3060 tenet,
547 3004 608 3047 nec
626 3005 660 3048 se
677 2984 829 3048 mortalia
845 2984 984 3046 demens

208 3115 266 3157 ora
281 3095 393 3159 videre
410 3105 513 3177 putat,
532 3116 594 3159 nec
611 3117 647 3159 se
664 3097 806 3160 declinat
823 3096 947 3159 abillo.

209 3208 258 3271 Ut
274 3227 353 3270 vero
368 3209 543 3290 coepitque
561 3208 658 3290 loqui,
678 3210 894 3290 dextramque
911 3205 1087 3289 prehendit

149 3350 180 3398 90
208 3319 342 3401 hospes,
360 3328 393 3382 et
410 3320 565 3382 auxilium
583 3321 747 3383 submissa
763 3340 844 3383 voce
860 3321 998 3401 rogavit,

209 3431 425 3514 promisitque
441 3442 560 3508 torum,
579 3432 721 3494 lacrimis
738 3432 784 3495 ait
800 3432 855 3494 illa
871 3431 1035 3513 profusis:
1084 3476 1087 3479 ι

211 3545 329 3626 “Quid
345 3545 468 3607 faciam
483 3545 599 3620 video;
624 3565 686 3607 nec
703 3565 756 3608 me
772 3544 959 3626 ignorantia
974 3543 1043 3607 veri

209 3656 360 3737 decipiet,
378 3657 437 3720 sed
454 3677 555 3720 amor.
603 3657 786 3720 Servabere
803 3674 940 3719 munere
955 3664 1087 3718 nostro:
1175 3667 1228 3714 rue

210 3778 359 3830 servatus
376 3769 539 3849 promissa
555 3769 663 3831 dat0.”
713 3770 773 3831 Per
790 3787 883 3830 sacra
899 3767 1057 3830 triformis
1148 3829 1158 3840 ,,
1176 3742 1295 3801 compact
