2996 4368
130 1961 193 2022 Jove

130 2037 264 2084 addresse·

130 2111 175 2156 the

130 2184 197 2233 Gods

325 346 371 420 92
533 338 783 396 SELECTIONS
813 337 931 395 FROM
961 335 1065 394 OVID

324 521 496 585 arboribus
513 522 618 585 caesis
635 519 718 604 quas
735 522 838 585 ardua
854 529 1006 602 gesserat
1022 520 1107 584 Oete

324 633 423 716 inque
436 655 554 719 pyram
567 635 708 711 structis,
721 654 834 697 arcum
847 633 1105 716 pharetramque
1115 651 1274 714 capacem

324 766 493 828 regnaque
508 747 637 810 visuras
653 747 771 810 iterum
788 745 934 809 Troiana
950 744 1089 826 sagittas
1290 771 1334 822 130

324 859 412 921 ferre
428 858 522 922 iubes
540 860 684 923 Poeante
702 869 819 936 satum,
845 878 910 940 quo
926 858 1061 920 flamma
1077 856 1227 919 ministro

324 970 465 1036 subdita.
528 972 685 1054 Dumque
719 971 825 1034 avidis
859 969 1109 1053 comprenditur
1142 967 1276 1050 ignibus

411 1103 524 1165 agger,

323 1197 513 1276 congeriem
530 1195 632 1259 silvae
651 1197 821 1259 Nemeaeo
837 1195 959 1258 vellere
976 1214 1139 1257 summam
1203 1247 1206 1252 .

324 1307 444 1370 sternis
460 1317 493 1371 et
509 1307 663 1390 imposita
680 1308 793 1370 clavae
810 1307 938 1370 cervice
955 1305 1128 1380 recumbis,

324 1420 412 1482 haud
430 1419 494 1482 alio
509 1421 603 1482 vultu
620 1440 719 1502 quarn
738 1421 764 1482 si
781 1419 919 1482 conviva
950 1418 1075 1480 iaceres
1291 1441 1336 1492 ¹35

323 1532 409 1594 inter
425 1532 524 1612 plena
541 1533 622 1594 meri
638 1532 810 1595 redimitus
827 1532 946 1613 pocula
963 1531 1068 1593 sertis.

370 1644 508 1726 Iamque
524 1645 638 1707 valens
654 1654 687 1707 et
703 1644 736 1706 in
753 1664 851 1707 omne
868 1644 954 1706 latus
970 1642 1094 1704 diffusa
1110 1639 1260 1716 sonabat,

324 1776 523 1838 securosque
538 1766 629 1820 artus
645 1765 974 1837 contemptoremque
991 1754 1127 1836 petebat

323 1868 457 1930 flamma
473 1889 579 1930 suum.
626 1869 782 1931 Timuere
798 1867 852 1930 dei
868 1888 928 1949 pro
944 1866 1074 1929 vindice
1091 1875 1207 1928 terrae.

324 1980 418 2062 Quos
435 1980 481 2044 ita
495 1978 614 2063 (sensit
630 1979 735 2064 enim)
751 1981 838 2043 laeto
856 1978 1030 2043 Saturnius
1047 1998 1103 2041 ore
1139 2005 1142 2015 ·
1291 2014 1337 2061 ¹40

324 2091 476 2173 luppiter
486 2091 691 2174 adloquitur:
711 2093 861 2155 “Nostra
871 2101 921 2154 est
932 2092 1029 2153 timor
1039 2091 1100 2153 iste
1110 2090 1275 2170 voluptas,

324 2205 354 2269 Ο
372 2204 493 2287 superi,
509 2214 645 2286 totoque
661 2204 768 2267 libens
784 2204 864 2266 mihi
880 2213 1013 2286 pectore
1030 2210 1150 2284 grator,

323 2317 413 2398 quod
429 2317 583 2380 memoris
600 2317 713 2399 populi
729 2315 821 2379 dicor
836 2325 1010 2397 rectorque
1026 2324 1196 2396 paterque,

323 2439 357 2493 et
372 2449 447 2492 mea
464 2429 641 2510 progenies
657 2438 768 2493 vestro
784 2448 916 2511 quoque
932 2437 1004 2491 tuta
1020 2427 1135 2489 favore
1151 2435 1211 2489 est.

325 2542 413 2604 Nam
433 2561 634 2623 quamquam
652 2540 757 2623 ipsius
773 2541 870 2604 datur
886 2541 949 2603 hoc
964 2538 1163 2602 immanibus
1180 2537 1275 2613 actis,
1290 2570 1334 2623 ¹45

323 2654 452 2735 obligor
468 2653 540 2735 ipse
556 2663 678 2717 tamen.
727 2654 794 2717 Sed
811 2652 899 2716 enim
915 2650 993 2735 (nec
1009 2660 1144 2734 pectora
1159 2670 1246 2713 vano

324 2766 388 2828 lida
404 2776 494 2830 metu
512 2764 670 2849 paveant)
685 2766 766 2829 istas
781 2765 847 2828 iarn
864 2764 1011 2847 spernite
1027 2763 1186 2826 flammas.

324 2878 447 2942 Omnia
463 2878 520 2959 qui
534 2877 622 2954 vicit,
639 2877 750 2941 vincet
766 2898 849 2960 quos
866 2876 999 2941 cernitis
1015 2877 1111 2958 igniS,

323 3010 386 3053 nec
402 2989 465 3053 nisi
481 2999 630 3053 materna
646 2990 833 3054 Volcanum
850 2998 944 3070 parte
960 2997 1130 3071 potentem

325 3102 453 3165 sentiet.
499 3103 685 3165 Aeternum
702 3111 753 3165 est
765 3123 785 3164 a
801 3122 854 3165 me
871 3102 959 3184 quod
974 3101 1082 3176 traxit,
1096 3109 1130 3163 et
1145 3118 1265 3180 expers
1291 3128 1338 3183 150

325 3223 424 3296 atque
439 3216 585 3290 immune
602 3214 693 3278 necis
709 3214 858 3296 nullique
873 3212 1038 3276 domabile
1055 3213 1216 3276 flammae.

326 3326 431 3408 quue
447 3347 510 3408 ego
527 3327 722 3390 defunctum
738 3336 826 3389 terra
843 3325 1042 3389 caelestibus
1059 3326 1124 3388 oris

325 3439 495 3521 accipiam,
513 3438 708 3520 cunctisque
725 3459 836 3501 meum
854 3437 1007 3501 laetabile
1023 3438 1149 3500 factum

324 3550 376 3614 dis
393 3551 465 3613 iore
481 3551 622 3614 conlido.
670 3551 706 3614 Si
722 3550 796 3632 quis
811 3559 924 3613 tamen
943 3549 1099 3625 Hercule,
1117 3548 1145 3611 si
1160 3548 1233 3629 quis

325 3663 413 3727 forte
429 3662 491 3726 deo
509 3662 670 3726 doliturus
686 3662 757 3738 erit,
775 3663 853 3725 data
869 3663 1018 3745 praemia
1034 3661 1133 3738 nolet,
1295 3691 1340 3744 155

326 3774 385 3837 sed
402 3774 561 3837 meruisse
578 3773 649 3836 dari
665 3775 746 3837 sciet
763 3773 950 3856 invitusque
967 3772 1151 3855 probabit.”
