2996 4368
292 251 358 319 168
493 262 743 322 SELECTIONS
773 264 891 323 FROM
923 263 1027 322 OVID

288 445 388 508 Nunc
404 467 536 528 quoque
552 448 618 508 iarn
634 448 756 510 veteris
773 457 932 528 percepto
949 447 1075 510 semine
1091 464 1197 508 venae
1265 443 1299 492 60

286 577 365 619 arva
380 559 488 639 rigent
504 579 585 622 auro
601 559 742 622 madidis
758 560 917 641 pallentia
929 558 1065 641 glaebis.

92 645 207 767 {zm
330 670 391 732 Ille
408 691 546 752 perosus
562 691 644 753 opes
661 673 760 734 silvas
776 680 809 734 et
825 692 901 734 rura
917 671 1055 746 colebat,

92 805 108 839 a
161 867 166 878 ι
287 783 443 865 Panaque
459 785 626 846 montanis
643 784 848 847 habitantem
866 803 998 865 semper
1013 785 1047 845 in
1063 784 1176 846 antris.
1271 849 1275 855 ,

92 867 182 914 nostre
286 896 412 977 Pingue
428 895 486 958 sed
502 897 673 977 ingenium
686 896 808 959 mansit
822 917 829 972 ;
851 897 1078 977 nocituraque,
1092 905 1128 958 ut
1143 904 1231 970 ante,

203 1072 205 1077 ,
284 1029 397 1070 rursus
414 1017 508 1070 erant
524 1009 658 1071 domino
674 1008 795 1072 stultae
812 1009 1006 1091 praecordia
1022 1009 1150 1071 mentis.
1261 1002 1294 1068 ⁶⁵

285 1121 373 1182 Nam
389 1121 477 1183 freta
494 1122 701 1203 prospiciens
718 1122 783 1184 late
799 1122 885 1202 riget
901 1121 1024 1183 arduus
1041 1120 1108 1183 alto

277 1233 421 1304 ,Tmolus
437 1234 471 1295 in
487 1253 638 1308 ascensu,
656 1233 806 1315 clivoque
822 1243 979 1296 extensus
995 1243 1135 1314 utroque

284 1343 444 1408 Sardibus
461 1346 547 1420 hinc,
564 1345 654 1408 illinc
670 1347 781 1427 parvis
797 1346 909 1408 finitur
927 1346 1112 1429 Hypaepis

250 1526 253 1532 ¹
283 1456 351 1518 Pan
366 1457 412 1519 ibi
427 1458 504 1519 dum
522 1459 645 1520 teneris
659 1459 762 1520 iactat
778 1478 837 1520 sua
854 1459 1000 1520 carmina
1016 1455 1172 1541 nymphis

281 1578 315 1631 et
331 1570 402 1632 leve
418 1579 529 1632 cerata
541 1569 730 1632 modulatur
746 1569 931 1632 harundine
948 1588 1090 1644 carmen,
1260 1573 1293 1621 70

281 1700 382 1743 ausus
398 1681 596 1762 Apollineos
608 1702 688 1763 prae
705 1700 741 1745 se
753 1691 965 1745 contemnere
982 1690 1108 1756 cantus,
1128 1751 1131 1756 ¹

280 1793 388 1856 iudice
405 1793 466 1856 sub
483 1795 602 1856 Tmolo
618 1803 786 1857 certamen
802 1795 894 1856 venit
909 1794 951 1855 ad
967 1795 1083 1874 impar.

327 1907 443 1968 Monte
460 1925 520 1968 suo
537 1905 646 1968 senior
661 1907 761 1968 iudex
776 1906 934 1981 consedit,
952 1915 985 1968 et
1001 1905 1089 1968 auris

281 2017 399 2080 liberat
414 2017 595 2080 arboribus.
644 2017 778 2098 Quercu
795 2037 891 2080 coma
906 2017 1038 2080 caerula
1053 2025 1181 2080 tantum

281 2130 433 2210 cingitur,
451 2139 485 2192 et
501 2130 649 2209 pendent
666 2131 788 2192 circum
809 2149 890 2192 cava
906 2139 1056 2210 tempora
1077 2128 1227 2210 glandes
1259 2145 1291 2196 75

282 2242 382 2323 Isque
398 2242 497 2303 deum
515 2243 643 2321 pecoris
660 2250 824 2321 spectans
844 2246 862 2273 “
877 2242 917 2303 ln
932 2241 1071 2324 iudice,''
1090 2239 1179 2315 dixit,

281 2353 400 2415 “nulla
416 2374 508 2416 mora
524 2353 606 2416 est.’'
649 2353 794 2417 Calamis
811 2352 999 2434 agrestibus
1015 2343 1147 2415 insonat
1162 2351 1227 2428 ille,

278 2465 516 2548 barbaricoque
535 2466 650 2528 Midan
665 2462 796 2546 (aderat
812 2485 890 2526 nam
907 2465 993 2527 forte
1009 2463 1157 2548 canenti)

278 2579 424 2640 carmine
441 2577 570 2640 delenit.
620 2578 697 2639 Post
714 2577 802 2639 hunc
819 2597 913 2639 sacer
928 2596 986 2639 ora
1001 2577 1134 2639 retorsit

278 2689 416 2752 Tmolus
432 2690 474 2751 ad
491 2710 528 2752 os
546 2689 688 2765 Phoebi;
713 2688 841 2751 vultum
858 2709 918 2751 sua
935 2689 1017 2751 silva
1036 2698 1150 2750 secuta
1166 2698 1225 2752 est.
1256 2703 1289 2752 80

280 2801 340 2863 llle
357 2810 458 2881 caput
473 2800 594 2863 flavum
610 2801 703 2863 lauro
721 2801 901 2863 Parnaside
916 2801 1045 2863 vinctus

277 2913 377 2975 verrit
393 2913 531 2974 humum
547 2914 649 2996 Tyrio
666 2921 814 2974 saturata
830 2913 954 2974 murice
970 2912 1074 2992 palla;

317 3136 356 3186 60.
376 3137 489 3186 semine
506 3149 615 3186 venae:
643 3138 681 3185 the
698 3137 755 3184 seed
766 3137 798 3202 of
806 3137 845 3184 the
862 3137 930 3194 vein,
943 3136 983 3184 i.e.
995 3136 1038 3184 the
1050 3136 1144 3198 golden
1155 3137 1225 3186 sand.

277 3218 316 3267 61.
334 3231 407 3268 auro
418 3218 564 3267 madidis:
582 3219 672 3267 sooked
681 3220 710 3266 in
718 3219 783 3282 gold.
807 3218 847 3278 64.
859 3218 988 3280 Pingue:
1003 3219 1065 3267 dull.
1090 3219 1129 3282 ⁶5·
1142 3231 1226 3280 prae-

277 3301 380 3350 cordia
399 3302 524 3350 mentis:
548 3321 572 3343 =
585 3317 653 3349 mens
665 3301 746 3348 alone.
781 3300 820 3349 66.
841 3301 933 3362 riget:
959 3301 1028 3349 riser.
1063 3301 1102 3364 67.
1126 3301 1223 3351 clivo:

275 3384 346 3445 slope.
390 3396 428 3446 70.
452 3387 555 3432 cerata
574 3383 753 3432 harundine:
779 3383 853 3431 Pan’s
869 3383 930 3446 pipe
947 3398 997 3430 was
1016 3383 1089 3431 made
1106 3383 1135 3430 os
1157 3385 1226 3433 reeds

273 3465 360 3526 joined
372 3465 488 3527 together
499 3466 560 3514 with
572 3483 639 3514 wax.
674 3480 711 3529 74.
730 3465 867 3524 Querou:
885 3466 1044 3514 oakwrealh.
1081 3466 1119 3529 76.
1135 3466 1225 3516 deum

275 3548 411 3609 pecoris:
428 3548 466 3596 ie.
479 3549 539 3597 Pan.
575 3562 613 3612 77.
632 3548 780 3598 calamia:
794 3549 866 3597 reads.
898 3547 937 3597 81.
954 3548 1134 3608 Parnaside:
1150 3550 1224 3614 from

194 3651 197 3655 ·
275 3631 427 3679 Parnassus.
467 3630 507 3679 82.
526 3631 634 3680 verrit:
659 3631 940 3694 satraps—murice:
968 3631 1070 3694 purple.
1083 3632 1222 3692 —pallat

275 3712 337 3760 robe.
