2996 4368
109 1523 210 1580 pleases
275 1525 276 1528 ’

109 1594 233 1642 Atalanta

311 337 375 405 162
515 351 763 409 SELECTIONS
793 353 910 410 FROM
942 352 1045 410 OVID

305 530 377 593 Nec
393 533 496 594 virtus
514 532 596 595 citra
611 553 718 614 genus
734 543 794 597 est.
843 534 910 598 Seu
926 535 1049 611 vincar,
1069 535 1207 598 habebis

304 644 520 727 Hippomene
536 645 625 708 victo
642 666 801 727 magnum
817 657 851 709 et
868 647 1082 710 memorabile
1100 649 1253 711 nomen.’'

346 758 441 822 Talia
457 757 622 821 dicentem
640 759 730 821 molli
747 758 934 822 Schoeneia
951 760 1043 824 vultu
1285 778 1319 830 50

302 872 419 954 aspicit
435 883 469 936 et
485 872 622 948 dubitat,
641 875 791 954 superari
807 895 850 936 an
866 875 999 938 vincere
1016 876 1117 938 malit.

302 984 416 1067 Atque
443 988 505 1049 ita:
539 987 653 1069 “Quis
684 988 767 1050 deus
798 987 886 1050 hunc
918 988 1104 1063 formosis,'’
1136 989 1253 1069 inquit,

391 1100 550 1182 “iniquus
606 1099 611 1111 ’

302 1212 441 1293 perdere
458 1212 537 1288 vult,
557 1232 720 1295 caraeque
735 1213 826 1276 iubet
843 1213 1032 1276 discrimine
1049 1212 1137 1275 vitae

303 1325 494 1406 coniugium
511 1333 625 1406 petere
642 1325 728 1388 hoc?
768 1326 844 1388 Non
863 1345 945 1398 sum,
958 1345 1012 1388 me
1028 1324 1144 1400 iudice,
1159 1326 1250 1387 tanti.

305 1437 377 1500 Nec
405 1438 514 1499 forma
544 1446 665 1518 tangor
688 1434 854 1520 (poteram
885 1446 996 1498 tamen
1029 1437 1091 1499 hac
1122 1456 1253 1518 quoque

369 1549 507 1633 tangi),
1285 1560 1316 1612 55

303 1662 362 1723 sed
379 1661 468 1742 quod
484 1662 593 1724 adhuc
609 1682 692 1742 puer
707 1670 767 1724 est.
805 1662 883 1724 Non
899 1682 952 1724 me
969 1671 1079 1724 movet
1095 1661 1175 1742 ipse,
1194 1661 1252 1723 sed

390 1782 490 1836 aetas,
1275 1753 1278 1758 Ι

303 1885 392 1966 Quid
409 1886 498 1966 quod
514 1886 602 1948 inest
616 1887 721 1948 virtus
737 1894 770 1948 et
786 1905 881 1948 mens
898 1885 1048 1948 interrita
1065 1885 1144 1947 leti?

303 1996 392 2078 Quid
409 1997 497 2078 quod
514 1997 556 2059 ab
572 2017 737 2079 aequorea
753 2007 946 2060 numeratur
955 1997 1082 2078 origine
1093 1996 1253 2078 quartus?

303 2109 393 2191 Quid
406 2107 495 2191 quod
511 2119 611 2185 amat,
628 2109 778 2191 tantique
796 2119 892 2190 putat
907 2108 1049 2172 conubia
1065 2118 1179 2171 nostra

303 2229 339 2283 ut
354 2230 479 2302 pereat,
497 2223 524 2284 si
541 2241 593 2284 me
608 2223 691 2284 Fors
707 2221 753 2284 illi
770 2222 853 2284 dura
868 2221 1021 2302 negarit?
1282 2233 1317 2283 60

304 2334 394 2395 Dum
426 2334 511 2410 iicet,
541 2335 674 2415 hospes
706 2333 770 2409 abi,
802 2334 1033 2415 thalamosque
1060 2333 1209 2415 relinque

286 2454 292 2466 '
390 2455 554 2509 cruentos.

304 2557 503 2638 Coniugium
520 2560 654 2621 crudele
670 2578 781 2621 meum
799 2568 858 2624 est.
906 2557 983 2620 Tibi
998 2557 1123 2620 nubere
1140 2556 1232 2619 nulla

302 2670 402 2745 nolet,
420 2679 453 2732 et
469 2670 577 2752 optari
593 2680 687 2751 potes
704 2691 724 2731 a
740 2671 891 2750 sapiente
907 2670 1026 2751 puella.
1133 2647 1140 2662 ⁸

347 2781 415 2845 Cur
437 2791 549 2844 tamen
572 2791 623 2844 est
647 2781 728 2843 mihi
749 2802 828 2844 cura
849 2782 906 2856 tui,
928 2789 977 2843 tot
998 2781 1063 2843 iam
1085 2790 1163 2842 ante
1182 2801 1254 2862 per-

434 2895 578 2974 emptis?

302 3005 439 3069 Viderit.
485 3007 642 3082 Intereat,
657 3007 812 3088 quoniam
828 3015 878 3069 tot
893 3006 994 3068 caede
1011 3025 1187 3086 procorum
1282 3016 1314 3082 65

302 3117 490 3180 admonitus
507 3139 575 3181 non
591 3128 651 3194 est,
670 3119 844 3200 agiturque
859 3117 893 3179 in
905 3117 1015 3180 taedia
1031 3117 1127 3179 vitae.

303 3229 444 3293 Occidet
460 3230 513 3293 hic
530 3230 639 3310 igitur,
656 3231 760 3293 voluit
777 3232 854 3312 quia
870 3232 980 3292 vivere
997 3229 1151 3292 mecum?

347 3411 385 3464 50.
409 3399 597 3450 Schoeneia:
619 3403 740 3465 daughter
752 3403 783 3467 of
793 3402 935 3449 Schoeneus.
978 3412 1016 3463 5²·
1034 3398 1192 3449 iormoain:
1211 3398 1253 3445 de-

302 3482 414 3546 pendent
427 3499 496 3547 upon
509 3486 623 3548 iniquus.
659 3498 671 3549 5
675 3498 697 3547 3.
714 3484 901 3534 discrimine:
921 3491 949 3531 at
958 3483 996 3530 the
1008 3482 1068 3530 risk.
1107 3493 1146 3545 54.
1158 3480 1253 3529 tanti:

302 3565 379 3612 worth
389 3582 413 3612 so
423 3567 505 3615 much.
525 3581 563 3631 57.
574 3567 656 3626 Quid
664 3567 762 3628 quod:
776 3565 1010 3631 rokat(0stlrefi1ct)
1026 3565 1099 3612 that?
1121 3562 1160 3627 58.
1168 3575 1253 3624 quar·

302 3653 369 3697 tua:
387 3651 494 3699 because
512 3651 631 3714 Neptune
652 3667 703 3698 was
721 3651 831 3699 counted
850 3650 876 3697 in
897 3649 1052 3697 accordance
1072 3647 1131 3696 with
1155 3647 1254 3694 Roman

303 3740 408 3782 custom.
443 3734 482 3794 64.
500 3733 679 3795 peremptis:
701 3732 831 3795 destroyed.
866 3732 905 3795 65.
928 3730 1066 3779 vident:
1094 3731 1128 3778 let
1142 3730 1196 3777 him
1217 3743 1256 3775 see

303 3822 326 3862 to
344 3816 370 3863 ir.
405 3815 445 3864 66.
463 3815 579 3864 taedia:
600 3815 698 3876 disgust.
