<?xml version="1.0" encoding="UTF-8"?>
<!DOCTYPE html PUBLIC "-//W3C//DTD XHTML 1.0 Transitional//EN"
    "http://www.w3.org/TR/xhtml1/DTD/xhtml1-transitional.dtd">
<html xmlns="http://www.w3.org/1999/xhtml" xml:lang="en" lang="en">
 <head>
  <title>
</title>
<meta http-equiv="Content-Type" content="text/html;charset=utf-8" />
  <meta name='ocr-system' content='tesseract 3.04.00' />
  <meta name='ocr-capabilities' content='ocr_page ocr_carea ocr_par ocr_line ocrx_word'/>
</head>
<body>
  <div class='ocr_page' id='page_1' title='image "./poemsovidselect00ovidgoog_0163.png"; bbox 0 0 2996 4368; ppageno 0'>
   <div class='ocr_carea' id='block_1_1' title="bbox 288 310 1025 392">
    <p class='ocr_par' dir='ltr' id='par_1_1' title="bbox 288 310 1025 392">
     <span class='ocr_line' id='line_1_1' title="bbox 288 310 1025 392; baseline -0.004 -22"><span class='ocrx_word' id='word_1_1' title='bbox 288 323 357 392; x_wconf 85' lang='lat'><strong>140</strong></span> <span class='ocrx_word' id='word_1_2' title='bbox 490 312 741 370; x_wconf 90' lang='lat' dir='ltr'><strong>SELECTIONS</strong></span> <span class='ocrx_word' id='word_1_3' title='bbox 771 312 890 369; x_wconf 88' lang='lat' dir='ltr'>FROM</span> <span class='ocrx_word' id='word_1_4' title='bbox 921 310 1025 368; x_wconf 94' lang='lat' dir='ltr'><strong>OVlD</strong></span> 
     </span>
    </p>
   </div>
   <div class='ocr_carea' id='block_1_2' title="bbox 33 493 1293 3715">
    <p class='ocr_par' dir='ltr' id='par_1_2' title="bbox 33 493 1293 3715">
     <span class='ocr_line' id='line_1_2' title="bbox 326 493 955 559; baseline -0.003 -1"><span class='ocrx_word' id='word_1_5' title='bbox 326 495 484 559; x_wconf 87' lang='lat' dir='ltr'><strong>sustinuit</strong></span> <span class='ocrx_word' id='word_1_6' title='bbox 499 497 642 559; x_wconf 88' lang='lat' dir='ltr'><strong>coniunx</strong></span> <span class='ocrx_word' id='word_1_7' title='bbox 657 495 780 558; x_wconf 86' lang='lat' dir='ltr'>exsulis</span> <span class='ocrx_word' id='word_1_8' title='bbox 796 514 869 557; x_wconf 93' lang='lat' dir='ltr'><strong>esse</strong></span> <span class='ocrx_word' id='word_1_9' title='bbox 885 493 955 557; x_wconf 89' lang='lat' dir='ltr'><strong>viri.</strong></span> 
     </span>
     <span class='ocr_line' id='line_1_3' title="bbox 285 607 1293 689; baseline -0.005 -17"><span class='ocrx_word' id='word_1_10' title='bbox 285 609 410 672; x_wconf 88' lang='lat' dir='ltr'><strong>Etiam</strong></span> <span class='ocrx_word' id='word_1_11' title='bbox 426 608 610 689; x_wconf 88' lang='lat' dir='ltr'><strong>complerat</strong></span> <span class='ocrx_word' id='word_1_12' title='bbox 625 609 756 689; x_wconf 87' lang='lat' dir='ltr'><strong>genitor</strong></span> <span class='ocrx_word' id='word_1_13' title='bbox 772 627 832 669; x_wconf 90' lang='lat' dir='ltr'><strong>sua</strong></span> <span class='ocrx_word' id='word_1_14' title='bbox 848 607 928 682; x_wconf 82' lang='lat' dir='ltr'><strong>iata,</strong></span> <span class='ocrx_word' id='word_1_15' title='bbox 945 624 1134 688; x_wconf 90' lang='lat' dir='ltr'><strong>novemque</strong></span> <span class='ocrx_word' id='word_1_16' title='bbox 1261 630 1293 684; x_wconf 82' lang='lat'><strong>75</strong></span> 
     </span>
     <span class='ocr_line' id='line_1_4' title="bbox 327 719 1014 784; baseline -0.003 -2"><span class='ocrx_word' id='word_1_17' title='bbox 327 719 501 784; x_wconf 88' lang='lat' dir='ltr'><strong>addiderat</strong></span> <span class='ocrx_word' id='word_1_18' title='bbox 516 719 627 783; x_wconf 90' lang='lat' dir='ltr'><strong>lustris</strong></span> <span class='ocrx_word' id='word_1_19' title='bbox 644 720 748 783; x_wconf 88' lang='lat' dir='ltr'><strong>altera</strong></span> <span class='ocrx_word' id='word_1_20' title='bbox 765 721 868 783; x_wconf 90' lang='lat' dir='ltr'><strong>lustra</strong></span> <span class='ocrx_word' id='word_1_21' title='bbox 884 737 1014 782; x_wconf 94' lang='lat' dir='ltr'><strong>novem.</strong></span> 
     </span>
     <span class='ocr_line' id='line_1_5' title="bbox 285 830 1081 915; baseline -0.004 -19"><span class='ocrx_word' id='word_1_22' title='bbox 285 833 362 896; x_wconf 94' lang='lat' dir='ltr'><strong>Non</strong></span> <span class='ocrx_word' id='word_1_23' title='bbox 379 831 475 897; x_wconf 90' lang='lat' dir='ltr'><strong>aliter</strong></span> <span class='ocrx_word' id='word_1_24' title='bbox 490 832 567 896; x_wconf 88' lang='lat' dir='ltr'><strong>flevi</strong></span> <span class='ocrx_word' id='word_1_25' title='bbox 583 853 682 915; x_wconf 92' lang='lat' dir='ltr'><strong>quam</strong></span> <span class='ocrx_word' id='word_1_26' title='bbox 699 850 753 894; x_wconf 92' lang='lat' dir='ltr'><strong>me</strong></span> <span class='ocrx_word' id='word_1_27' title='bbox 769 831 907 894; x_wconf 89' lang='lat' dir='ltr'><strong>fleturus</strong></span> <span class='ocrx_word' id='word_1_28' title='bbox 923 830 1081 912; x_wconf 90' lang='lat' dir='ltr'><strong>adempto</strong></span> 
     </span>
     <span class='ocr_line' id='line_1_6' title="bbox 326 943 973 1025; baseline -0.003 -19"><span class='ocrx_word' id='word_1_29' title='bbox 326 944 381 1007; x_wconf 92' lang='lat' dir='ltr'><strong>ille</strong></span> <span class='ocrx_word' id='word_1_30' title='bbox 397 944 469 1007; x_wconf 85' lang='lat' dir='ltr'><strong>fuit.</strong></span> <span class='ocrx_word' id='word_1_31' title='bbox 518 946 619 1008; x_wconf 87' lang='lat' dir='ltr'><strong>Matri</strong></span> <span class='ocrx_word' id='word_1_32' title='bbox 635 945 786 1025; x_wconf 88' lang='lat' dir='ltr'><strong>proxima</strong></span> <span class='ocrx_word' id='word_1_33' title='bbox 801 943 889 1006; x_wconf 90' lang='lat' dir='ltr'><strong>iusta</strong></span> <span class='ocrx_word' id='word_1_34' title='bbox 903 943 973 1004; x_wconf 92' lang='lat' dir='ltr'><strong>tuli.</strong></span> 
     </span>
     <span class='ocr_line' id='line_1_7' title="bbox 283 1054 957 1138; baseline -0.003 -20"><span class='ocrx_word' id='word_1_35' title='bbox 283 1057 412 1120; x_wconf 86' lang='lat' dir='ltr'><strong>Felices</strong></span> <span class='ocrx_word' id='word_1_36' title='bbox 429 1057 527 1120; x_wconf 89' lang='lat' dir='ltr'><strong>ambo</strong></span> <span class='ocrx_word' id='word_1_37' title='bbox 542 1056 808 1138; x_wconf 87' lang='lat' dir='ltr'><strong>tempestiveque</strong></span> <span class='ocrx_word' id='word_1_38' title='bbox 824 1054 957 1137; x_wconf 84' lang='lat' dir='ltr'><strong>sepulti,</strong></span> 
     </span>
     <span class='ocr_line' id='line_1_8' title="bbox 326 1167 1020 1251; baseline -0.003 -20"><span class='ocrx_word' id='word_1_39' title='bbox 326 1178 402 1232; x_wconf 88' lang='lat' dir='ltr'><strong>ante</strong></span> <span class='ocrx_word' id='word_1_40' title='bbox 419 1168 504 1231; x_wconf 88' lang='lat' dir='ltr'><strong>diem</strong></span> <span class='ocrx_word' id='word_1_41' title='bbox 522 1189 651 1250; x_wconf 89' lang='lat' dir='ltr'><strong>poenae</strong></span> <span class='ocrx_word' id='word_1_42' title='bbox 667 1167 757 1251; x_wconf 94' lang='lat' dir='ltr'><strong>quod</strong></span> <span class='ocrx_word' id='word_1_43' title='bbox 772 1167 901 1249; x_wconf 88' lang='lat' dir='ltr'><strong>periere</strong></span> <span class='ocrx_word' id='word_1_44' title='bbox 918 1186 1020 1229; x_wconf 85' lang='lat' dir='ltr'><strong>meae.</strong></span> 
     </span>
     <span class='ocr_line' id='line_1_9' title="bbox 283 1278 1118 1364; baseline -0.004 -21"><span class='ocrx_word' id='word_1_45' title='bbox 283 1281 341 1344; x_wconf 91' lang='lat' dir='ltr'><strong>Me</strong></span> <span class='ocrx_word' id='word_1_46' title='bbox 356 1301 487 1364; x_wconf 92' lang='lat' dir='ltr'><strong>quoque</strong></span> <span class='ocrx_word' id='word_1_47' title='bbox 503 1280 646 1357; x_wconf 85' lang='lat' dir='ltr'><strong>felicem,</strong></span> <span class='ocrx_word' id='word_1_48' title='bbox 664 1280 753 1363; x_wconf 92' lang='lat' dir='ltr'><strong>quod</strong></span> <span class='ocrx_word' id='word_1_49' title='bbox 768 1301 836 1342; x_wconf 95' lang='lat' dir='ltr'><strong>non</strong></span> <span class='ocrx_word' id='word_1_50' title='bbox 852 1278 1039 1342; x_wconf 88' lang='lat' dir='ltr'><strong>viventibus</strong></span> <span class='ocrx_word' id='word_1_51' title='bbox 1054 1278 1118 1340; x_wconf 91' lang='lat' dir='ltr'><strong>illis</strong></span> 
     </span>
     <span class='ocr_line' id='line_1_10' title="bbox 33 1389 1064 1484; baseline -0.004 -28"><span class='ocrx_word' id='word_1_52' title='bbox 33 1477 36 1484; x_wconf 18' lang='grc' dir='ltr'><strong>Δ</strong></span> <span class='ocrx_word' id='word_1_53' title='bbox 326 1413 399 1455; x_wconf 93' lang='lat' dir='ltr'><strong>sum</strong></span> <span class='ocrx_word' id='word_1_54' title='bbox 415 1391 524 1468; x_wconf 89' lang='lat' dir='ltr'><strong>miser,</strong></span> <span class='ocrx_word' id='word_1_55' title='bbox 541 1402 575 1456; x_wconf 92' lang='lat' dir='ltr'><strong>et</strong></span> <span class='ocrx_word' id='word_1_56' title='bbox 590 1393 632 1456; x_wconf 92' lang='lat' dir='ltr'><strong>de</strong></span> <span class='ocrx_word' id='word_1_57' title='bbox 649 1412 702 1476; x_wconf 86' lang='lat' dir='ltr'><strong>me</strong></span> <span class='ocrx_word' id='word_1_58' title='bbox 718 1392 807 1474; x_wconf 92' lang='lat' dir='ltr'><strong>quod</strong></span> <span class='ocrx_word' id='word_1_59' title='bbox 823 1391 959 1454; x_wconf 91' lang='lat' dir='ltr'><strong>doluere</strong></span> <span class='ocrx_word' id='word_1_60' title='bbox 974 1389 1064 1452; x_wconf 92' lang='lat' dir='ltr'><strong>nihil.</strong></span> 
     </span>
     <span class='ocr_line' id='line_1_11' title="bbox 91 1502 1133 1586; baseline -0.002 -19"><span class='ocrx_word' id='word_1_61' title='bbox 91 1528 127 1574; x_wconf 77' lang='lat' dir='ltr'><strong>ue</strong></span> <span class='ocrx_word' id='word_1_62' title='bbox 283 1504 319 1567; x_wconf 89' lang='lat' dir='ltr'><strong>Si</strong></span> <span class='ocrx_word' id='word_1_63' title='bbox 335 1513 447 1568; x_wconf 92' lang='lat' dir='ltr'><strong>tamen</strong></span> <span class='ocrx_word' id='word_1_64' title='bbox 463 1502 633 1568; x_wconf 85' lang='lat' dir='ltr'><strong>exstinctis</strong></span> <span class='ocrx_word' id='word_1_65' title='bbox 650 1504 774 1586; x_wconf 89' lang='lat' dir='ltr'><strong>aliquid</strong></span> <span class='ocrx_word' id='word_1_66' title='bbox 790 1503 854 1566; x_wconf 92' lang='lat' dir='ltr'><strong>nisi</strong></span> <span class='ocrx_word' id='word_1_67' title='bbox 870 1503 1005 1566; x_wconf 91' lang='lat' dir='ltr'><strong>nomina</strong></span> <span class='ocrx_word' id='word_1_68' title='bbox 1021 1511 1133 1577; x_wconf 89' lang='lat' dir='ltr'><strong>restat,</strong></span> 
     </span>
     <span class='ocr_line' id='line_1_12' title="bbox 90 1604 1072 1724; baseline -0.004 -44"><span class='ocrx_word' id='word_1_69' title='bbox 90 1604 226 1724; x_wconf 52' lang='lat' dir='ltr'><strong>ff‘m</strong></span> <span class='ocrx_word' id='word_1_70' title='bbox 308 1614 360 1680; x_wconf 70' lang='lat' dir='ltr'><strong>¹&#39;et</strong></span> <span class='ocrx_word' id='word_1_71' title='bbox 375 1615 508 1698; x_wconf 87' lang='lat' dir='ltr'><strong>gracilis</strong></span> <span class='ocrx_word' id='word_1_72' title='bbox 525 1626 668 1678; x_wconf 88' lang='lat' dir='ltr'><strong>structos</strong></span> <span class='ocrx_word' id='word_1_73' title='bbox 685 1615 806 1697; x_wconf 85' lang='lat' dir='ltr'><strong>effugit</strong></span> <span class='ocrx_word' id='word_1_74' title='bbox 821 1614 939 1708; x_wconf 79' lang='lat' dir='ltr'><strong>umbra</strong></span> <span class='ocrx_word' id='word_1_75' title='bbox 954 1634 1072 1695; x_wconf 81' lang='lat' dir='ltr'><strong>rogos3</strong></span> 
     </span>
     <span class='ocr_line' id='line_1_13' title="bbox 90 1725 1291 1809; baseline -0.003 -18"><span class='ocrx_word' id='word_1_76' title='bbox 90 1752 159 1798; x_wconf 74' lang='lat' dir='ltr'><strong>near</strong></span> <span class='ocrx_word' id='word_1_77' title='bbox 283 1729 384 1804; x_wconf 84' lang='lat' dir='ltr'><strong>fama,</strong></span> <span class='ocrx_word' id='word_1_78' title='bbox 402 1729 600 1809; x_wconf 88' lang='lat' dir='ltr'><strong>parentales,</strong></span> <span class='ocrx_word' id='word_1_79' title='bbox 618 1728 645 1790; x_wconf 93' lang='lat' dir='ltr'><strong>si</strong></span> <span class='ocrx_word' id='word_1_80' title='bbox 661 1749 720 1790; x_wconf 94' lang='lat' dir='ltr'><strong>vos</strong></span> <span class='ocrx_word' id='word_1_81' title='bbox 737 1747 811 1790; x_wconf 87' lang='lat' dir='ltr'><strong>mea</strong></span> <span class='ocrx_word' id='word_1_82' title='bbox 827 1725 975 1808; x_wconf 88' lang='lat' dir='ltr'><strong>contigit,</strong></span> <span class='ocrx_word' id='word_1_83' title='bbox 993 1726 1140 1803; x_wconf 86' lang='lat' dir='ltr'><strong>umbrae,</strong></span> <span class='ocrx_word' id='word_1_84' title='bbox 1259 1737 1291 1804; x_wconf 81' lang='lat'><strong>85</strong></span> 
     </span>
     <span class='ocr_line' id='line_1_14' title="bbox 325 1835 1029 1923; baseline -0.004 -19"><span class='ocrx_word' id='word_1_85' title='bbox 325 1850 360 1904; x_wconf 92' lang='lat' dir='ltr'><strong>et</strong></span> <span class='ocrx_word' id='word_1_86' title='bbox 375 1849 453 1903; x_wconf 90' lang='lat' dir='ltr'><strong>sunt</strong></span> <span class='ocrx_word' id='word_1_87' title='bbox 468 1838 501 1902; x_wconf 92' lang='lat' dir='ltr'><strong>in</strong></span> <span class='ocrx_word' id='word_1_88' title='bbox 518 1839 637 1923; x_wconf 83' lang='lat' dir='ltr'><strong>Stygio</strong></span> <span class='ocrx_word' id='word_1_89' title='bbox 654 1835 792 1903; x_wconf 90' lang='lat' dir='ltr'><strong>crimina</strong></span> <span class='ocrx_word' id='word_1_90' title='bbox 807 1849 921 1902; x_wconf 90' lang='lat' dir='ltr'><strong>nostra</strong></span> <span class='ocrx_word' id='word_1_91' title='bbox 937 1839 1029 1914; x_wconf 85' lang='lat' dir='ltr'><strong>loro;</strong></span> 
     </span>
     <span class='ocr_line' id='line_1_15' title="bbox 283 1949 1223 2035; baseline -0.003 -20"><span class='ocrx_word' id='word_1_92' title='bbox 283 1953 374 2028; x_wconf 89' lang='lat' dir='ltr'><strong>scite,</strong></span> <span class='ocrx_word' id='word_1_93' title='bbox 392 1972 517 2034; x_wconf 90' lang='lat' dir='ltr'><strong>precor,</strong></span> <span class='ocrx_word' id='word_1_94' title='bbox 535 1971 671 2014; x_wconf 85' lang='lat' dir='ltr'><strong>causam</strong></span> <span class='ocrx_word' id='word_1_95' title='bbox 688 1949 766 2035; x_wconf 80' lang='lat' dir='ltr'><strong>(nec</strong></span> <span class='ocrx_word' id='word_1_96' title='bbox 782 1971 842 2014; x_wconf 91' lang='lat' dir='ltr'><strong>vos</strong></span> <span class='ocrx_word' id='word_1_97' title='bbox 859 1951 939 2014; x_wconf 92' lang='lat' dir='ltr'><strong>mihi</strong></span> <span class='ocrx_word' id='word_1_98' title='bbox 955 1950 1072 2013; x_wconf 83' lang='lat' dir='ltr'><strong>fallere</strong></span> <span class='ocrx_word' id='word_1_99' title='bbox 1088 1950 1140 2012; x_wconf 83' lang='lat' dir='ltr'><strong>fas</strong></span> <span class='ocrx_word' id='word_1_100' title='bbox 1156 1953 1223 2034; x_wconf 79' lang='lat' dir='ltr'><strong>est)</strong></span> 
     </span>
     <span class='ocr_line' id='line_1_16' title="bbox 325 2063 1043 2143; baseline -0.004 -16"><span class='ocrx_word' id='word_1_101' title='bbox 325 2083 470 2127; x_wconf 88' lang='lat' dir='ltr'><strong>errorem</strong></span> <span class='ocrx_word' id='word_1_102' title='bbox 486 2065 605 2140; x_wconf 90' lang='lat' dir='ltr'><strong>iussae,</strong></span> <span class='ocrx_word' id='word_1_103' title='bbox 622 2084 690 2126; x_wconf 93' lang='lat' dir='ltr'><strong>non</strong></span> <span class='ocrx_word' id='word_1_104' title='bbox 707 2064 824 2139; x_wconf 91' lang='lat' dir='ltr'><strong>scelus,</strong></span> <span class='ocrx_word' id='word_1_105' title='bbox 842 2083 916 2126; x_wconf 90' lang='lat' dir='ltr'><strong>esse</strong></span> <span class='ocrx_word' id='word_1_106' title='bbox 932 2063 1043 2143; x_wconf 83' lang='lat' dir='ltr'><strong>fugae.</strong></span> 
     </span>
     <span class='ocr_line' id='line_1_17' title="bbox 284 2174 1230 2250; baseline -0.004 -11"><span class='ocrx_word' id='word_1_107' title='bbox 284 2176 441 2239; x_wconf 90' lang='lat' dir='ltr'><strong>Manibus</strong></span> <span class='ocrx_word' id='word_1_108' title='bbox 458 2176 521 2238; x_wconf 89' lang='lat' dir='ltr'><strong>hoc</strong></span> <span class='ocrx_word' id='word_1_109' title='bbox 537 2177 618 2239; x_wconf 88' lang='lat' dir='ltr'><strong>satis</strong></span> <span class='ocrx_word' id='word_1_110' title='bbox 634 2185 693 2239; x_wconf 93' lang='lat' dir='ltr'><strong>est.</strong></span> <span class='ocrx_word' id='word_1_111' title='bbox 741 2176 798 2239; x_wconf 90' lang='lat' dir='ltr'><strong>Ad</strong></span> <span class='ocrx_word' id='word_1_112' title='bbox 813 2195 882 2250; x_wconf 93' lang='lat' dir='ltr'><strong>vos,</strong></span> <span class='ocrx_word' id='word_1_113' title='bbox 901 2174 1057 2250; x_wconf 89' lang='lat' dir='ltr'><strong>studiosa,</strong></span> <span class='ocrx_word' id='word_1_114' title='bbox 1075 2181 1230 2247; x_wconf 88' lang='lat' dir='ltr'><strong>revertor,</strong></span> 
     </span>
     <span class='ocr_line' id='line_1_18' title="bbox 313 2287 1292 2380; baseline -0.003 -29"><span class='ocrx_word' id='word_1_115' title='bbox 313 2297 469 2380; x_wconf 87' lang='lat' dir='ltr'><strong>pectora,</strong></span> <span class='ocrx_word' id='word_1_116' title='bbox 487 2290 544 2370; x_wconf 93' lang='lat' dir='ltr'><strong>qui</strong></span> <span class='ocrx_word' id='word_1_117' title='bbox 559 2288 647 2351; x_wconf 88' lang='lat' dir='ltr'><strong>vitae</strong></span> <span class='ocrx_word' id='word_1_118' title='bbox 663 2287 820 2370; x_wconf 87' lang='lat' dir='ltr'><strong>quaeritis</strong></span> <span class='ocrx_word' id='word_1_119' title='bbox 837 2298 912 2350; x_wconf 89' lang='lat' dir='ltr'><strong>acta</strong></span> <span class='ocrx_word' id='word_1_120' title='bbox 928 2305 1032 2349; x_wconf 90' lang='lat' dir='ltr'><strong>meae.</strong></span> <span class='ocrx_word' id='word_1_121' title='bbox 1259 2311 1292 2362; x_wconf 89' lang='lat'><strong>90</strong></span> 
     </span>
     <span class='ocr_line' id='line_1_19' title="bbox 283 2399 1045 2482; baseline -0.005 -18"><span class='ocrx_word' id='word_1_122' title='bbox 283 2401 355 2464; x_wconf 90' lang='lat' dir='ltr'><strong>lam</strong></span> <span class='ocrx_word' id='word_1_123' title='bbox 371 2399 452 2463; x_wconf 93' lang='lat' dir='ltr'><strong>mihi</strong></span> <span class='ocrx_word' id='word_1_124' title='bbox 467 2399 605 2463; x_wconf 92' lang='lat' dir='ltr'><strong>canities</strong></span> <span class='ocrx_word' id='word_1_125' title='bbox 621 2401 726 2482; x_wconf 91' lang='lat' dir='ltr'><strong>pulsis</strong></span> <span class='ocrx_word' id='word_1_126' title='bbox 741 2399 932 2462; x_wconf 90' lang='lat' dir='ltr'><strong>melioribus</strong></span> <span class='ocrx_word' id='word_1_127' title='bbox 948 2399 1045 2461; x_wconf 91' lang='lat' dir='ltr'><strong>annis</strong></span> 
     </span>
     <span class='ocr_line' id='line_1_20' title="bbox 324 2511 1042 2594; baseline -0.004 -19"><span class='ocrx_word' id='word_1_128' title='bbox 324 2522 470 2588; x_wconf 85' lang='lat' dir='ltr'><strong>venerat,</strong></span> <span class='ocrx_word' id='word_1_129' title='bbox 489 2511 642 2594; x_wconf 89' lang='lat' dir='ltr'><strong>antiquas</strong></span> <span class='ocrx_word' id='word_1_130' title='bbox 659 2511 904 2593; x_wconf 90' lang='lat' dir='ltr'><strong>miscueratque</strong></span> <span class='ocrx_word' id='word_1_131' title='bbox 920 2530 1042 2585; x_wconf 70' lang='lat' dir='ltr'><strong>comas</strong></span> 
     </span>
     <span class='ocr_line' id='line_1_21' title="bbox 283 2622 1026 2708; baseline -0.003 -21"><span class='ocrx_word' id='word_1_132' title='bbox 283 2634 425 2708; x_wconf 91' lang='lat' dir='ltr'><strong>postque</strong></span> <span class='ocrx_word' id='word_1_133' title='bbox 442 2643 533 2688; x_wconf 90' lang='lat' dir='ltr'><strong>meos</strong></span> <span class='ocrx_word' id='word_1_134' title='bbox 550 2634 642 2687; x_wconf 92' lang='lat' dir='ltr'><strong>ortus</strong></span> <span class='ocrx_word' id='word_1_135' title='bbox 660 2623 776 2686; x_wconf 90' lang='lat' dir='ltr'><strong>Pisaea</strong></span> <span class='ocrx_word' id='word_1_136' title='bbox 791 2623 924 2686; x_wconf 89' lang='lat' dir='ltr'><strong>vinctus</strong></span> <span class='ocrx_word' id='word_1_137' title='bbox 939 2622 1026 2685; x_wconf 92' lang='lat' dir='ltr'><strong>oliva</strong></span> 
     </span>
     <span class='ocr_line' id='line_1_22' title="bbox 327 2733 1077 2814; baseline -0.007 -16"><span class='ocrx_word' id='word_1_138' title='bbox 327 2736 509 2799; x_wconf 91' lang='lat' dir='ltr'><strong>abstulerat</strong></span> <span class='ocrx_word' id='word_1_139' title='bbox 524 2733 657 2796; x_wconf 90' lang='lat' dir='ltr'><strong>deciens</strong></span> <span class='ocrx_word' id='word_1_140' title='bbox 675 2735 824 2814; x_wconf 87' lang='lat' dir='ltr'><strong>praemia</strong></span> <span class='ocrx_word' id='word_1_141' title='bbox 840 2735 946 2796; x_wconf 88' lang='lat' dir='ltr'><strong>victor</strong></span> <span class='ocrx_word' id='word_1_142' title='bbox 962 2751 1077 2814; x_wconf 85' lang='lat' dir='ltr'><strong>equus,</strong></span> 
     </span>
     <span class='ocr_line' id='line_1_23' title="bbox 285 2845 1292 2928; baseline -0.004 -16"><span class='ocrx_word' id='word_1_143' title='bbox 285 2868 360 2912; x_wconf 93' lang='lat' dir='ltr'><strong>cum</strong></span> <span class='ocrx_word' id='word_1_144' title='bbox 376 2849 476 2910; x_wconf 86' lang='lat' dir='ltr'><strong>maris</strong></span> <span class='ocrx_word' id='word_1_145' title='bbox 494 2847 615 2910; x_wconf 90' lang='lat' dir='ltr'><strong>Euxini</strong></span> <span class='ocrx_word' id='word_1_146' title='bbox 630 2846 757 2928; x_wconf 92' lang='lat' dir='ltr'><strong>positos</strong></span> <span class='ocrx_word' id='word_1_147' title='bbox 774 2846 816 2908; x_wconf 93' lang='lat' dir='ltr'><strong>ad</strong></span> <span class='ocrx_word' id='word_1_148' title='bbox 831 2846 927 2910; x_wconf 86' lang='lat' dir='ltr'><strong>laeva</strong></span> <span class='ocrx_word' id='word_1_149' title='bbox 942 2845 1093 2909; x_wconf 85' lang='lat' dir='ltr'><strong>Tomitas</strong></span> <span class='ocrx_word' id='word_1_150' title='bbox 1260 2865 1292 2918; x_wconf 81' lang='lat'><strong>95</strong></span> 
     </span>
     <span class='ocr_line' id='line_1_24' title="bbox 328 2957 1006 3043; baseline -0.006 -19"><span class='ocrx_word' id='word_1_151' title='bbox 328 2979 487 3043; x_wconf 87' lang='lat' dir='ltr'><strong>quaerere</strong></span> <span class='ocrx_word' id='word_1_152' title='bbox 503 2979 555 3022; x_wconf 92' lang='lat' dir='ltr'><strong>me</strong></span> <span class='ocrx_word' id='word_1_153' title='bbox 571 2959 653 3023; x_wconf 88' lang='lat' dir='ltr'><strong>laesi</strong></span> <span class='ocrx_word' id='word_1_154' title='bbox 669 2958 828 3040; x_wconf 91' lang='lat' dir='ltr'><strong>principis</strong></span> <span class='ocrx_word' id='word_1_155' title='bbox 843 2957 892 3021; x_wconf 87' lang='lat' dir='ltr'><strong>ira</strong></span> <span class='ocrx_word' id='word_1_156' title='bbox 907 2957 1006 3021; x_wconf 92' lang='lat' dir='ltr'><strong>iubet.</strong></span> 
     </span>
     <span class='ocr_line' id='line_1_25' title="bbox 284 3069 1176 3153; baseline -0.006 -17"><span class='ocrx_word' id='word_1_157' title='bbox 284 3072 396 3136; x_wconf 88' lang='lat' dir='ltr'><strong>Causa</strong></span> <span class='ocrx_word' id='word_1_158' title='bbox 411 3091 505 3135; x_wconf 92' lang='lat' dir='ltr'><strong>meae</strong></span> <span class='ocrx_word' id='word_1_159' title='bbox 521 3071 649 3135; x_wconf 93' lang='lat' dir='ltr'><strong>cunctis</strong></span> <span class='ocrx_word' id='word_1_160' title='bbox 665 3071 803 3134; x_wconf 92' lang='lat' dir='ltr'><strong>nimium</strong></span> <span class='ocrx_word' id='word_1_161' title='bbox 820 3090 951 3153; x_wconf 90' lang='lat' dir='ltr'><strong>quoque</strong></span> <span class='ocrx_word' id='word_1_162' title='bbox 967 3080 1046 3133; x_wconf 85' lang='lat' dir='ltr'><strong>nota</strong></span> <span class='ocrx_word' id='word_1_163' title='bbox 1061 3069 1176 3132; x_wconf 88' lang='lat' dir='ltr'><strong>ruinae</strong></span> 
     </span>
     <span class='ocr_line' id='line_1_26' title="bbox 325 3182 922 3248; baseline -0.002 -1"><span class='ocrx_word' id='word_1_164' title='bbox 325 3184 447 3248; x_wconf 90' lang='lat' dir='ltr'><strong>indicio</strong></span> <span class='ocrx_word' id='word_1_165' title='bbox 464 3204 531 3246; x_wconf 92' lang='lat' dir='ltr'><strong>non</strong></span> <span class='ocrx_word' id='word_1_166' title='bbox 547 3193 599 3246; x_wconf 91' lang='lat' dir='ltr'><strong>est</strong></span> <span class='ocrx_word' id='word_1_167' title='bbox 614 3182 822 3247; x_wconf 90' lang='lat' dir='ltr'><strong>testificanda</strong></span> <span class='ocrx_word' id='word_1_168' title='bbox 838 3202 922 3246; x_wconf 91' lang='lat' dir='ltr'><strong>meo.</strong></span> 
     </span>
     <span class='ocr_line' id='line_1_27' title="bbox 284 3293 1217 3380; baseline -0.004 -20"><span class='ocrx_word' id='word_1_169' title='bbox 284 3297 374 3380; x_wconf 85' lang='lat' dir='ltr'><strong>Quid</strong></span> <span class='ocrx_word' id='word_1_170' title='bbox 396 3296 541 3359; x_wconf 82' lang='lat' dir='ltr'><strong>referam</strong></span> <span class='ocrx_word' id='word_1_171' title='bbox 565 3295 788 3378; x_wconf 90' lang='lat' dir='ltr'><strong>comitumque</strong></span> <span class='ocrx_word' id='word_1_172' title='bbox 810 3295 907 3357; x_wconf 84' lang='lat' dir='ltr'><strong>nefas</strong></span> <span class='ocrx_word' id='word_1_173' title='bbox 931 3293 1140 3376; x_wconf 84' lang='lat' dir='ltr'><strong>famulosque</strong></span> <span class='ocrx_word' id='word_1_174' title='bbox 1162 3313 1217 3356; x_wconf 83' lang='lat' dir='ltr'><strong>no</strong></span> 
     </span>
     <span class='ocr_line' id='line_1_28' title="bbox 369 3407 498 3472; baseline -0.016 0"><span class='ocrx_word' id='word_1_175' title='bbox 369 3407 498 3472; x_wconf 87' lang='lat' dir='ltr'><strong>centis?</strong></span> 
     </span>
     <span class='ocr_line' id='line_1_29' title="bbox 327 3519 932 3604; baseline -0.003 -20"><span class='ocrx_word' id='word_1_176' title='bbox 327 3522 408 3604; x_wconf 87' lang='lat' dir='ltr'><strong>Ipsa</strong></span> <span class='ocrx_word' id='word_1_177' title='bbox 424 3520 527 3582; x_wconf 88' lang='lat' dir='ltr'><strong>multa</strong></span> <span class='ocrx_word' id='word_1_178' title='bbox 543 3520 603 3583; x_wconf 89' lang='lat' dir='ltr'><strong>tuli</strong></span> <span class='ocrx_word' id='word_1_179' title='bbox 619 3540 685 3583; x_wconf 92' lang='lat' dir='ltr'><strong>non</strong></span> <span class='ocrx_word' id='word_1_180' title='bbox 703 3519 825 3583; x_wconf 87' lang='lat' dir='ltr'><strong>leviora</strong></span> <span class='ocrx_word' id='word_1_181' title='bbox 841 3521 932 3601; x_wconf 86' lang='lat' dir='ltr'><strong>iuga.</strong></span> 
     </span>
     <span class='ocr_line' id='line_1_30' title="bbox 285 3631 1103 3715; baseline -0.004 -19"><span class='ocrx_word' id='word_1_182' title='bbox 285 3634 464 3715; x_wconf 87' lang='lat' dir='ltr'><strong>Indignata</strong></span> <span class='ocrx_word' id='word_1_183' title='bbox 481 3633 576 3695; x_wconf 89' lang='lat' dir='ltr'><strong>malis</strong></span> <span class='ocrx_word' id='word_1_184' title='bbox 592 3652 687 3694; x_wconf 91' lang='lat' dir='ltr'><strong>mens</strong></span> <span class='ocrx_word' id='word_1_185' title='bbox 703 3642 754 3695; x_wconf 92' lang='lat' dir='ltr'><strong>est</strong></span> <span class='ocrx_word' id='word_1_186' title='bbox 770 3631 985 3696; x_wconf 90' lang='lat' dir='ltr'><strong>succumbere</strong></span> <span class='ocrx_word' id='word_1_187' title='bbox 1002 3651 1103 3712; x_wconf 92' lang='lat' dir='ltr'><strong>seque</strong></span> 
     </span>
    </p>
   </div>
   <div class='ocr_carea' id='block_1_3' title="bbox 327 3744 974 3828">
    <p class='ocr_par' dir='ltr' id='par_1_3' title="bbox 327 3744 974 3828">
     <span class='ocr_line' id='line_1_31' title="bbox 327 3744 974 3828; baseline -0.006 -19"><span class='ocrx_word' id='word_1_188' title='bbox 327 3744 492 3828; x_wconf 91' lang='lat' dir='ltr'><strong>praestitit</strong></span> <span class='ocrx_word' id='word_1_189' title='bbox 507 3745 664 3807; x_wconf 91' lang='lat' dir='ltr'><strong>invictam</strong></span> <span class='ocrx_word' id='word_1_190' title='bbox 680 3745 805 3807; x_wconf 88' lang='lat' dir='ltr'><strong>viribus</strong></span> <span class='ocrx_word' id='word_1_191' title='bbox 822 3765 881 3807; x_wconf 91' lang='lat' dir='ltr'><strong>usa</strong></span> <span class='ocrx_word' id='word_1_192' title='bbox 897 3745 974 3807; x_wconf 92' lang='lat' dir='ltr'><strong>suis.</strong></span> 
     </span>
    </p>
   </div>
   <div class='ocr_carea' id='block_1_4' title="bbox 0 0 1502 4368">
    <p class='ocr_par' dir='ltr' id='par_1_4' title="bbox 0 0 1502 4368">
     <span class='ocr_line' id='line_1_32' title="bbox 0 0 1502 4368; baseline 0 0"><span class='ocrx_word' id='word_1_193' title='bbox 0 0 1502 4368; x_wconf 95' lang='lat' dir='ltr'><strong> </strong></span> 
     </span>
    </p>
   </div>
  </div>
 </body>
</html>
