2948 4368
559 397 562 405 Α
616 357 743 416 ruosn
1104 347 1149 442 ⁶7

197 541 382 606 Excessere
398 551 523 606 metum
540 562 615 605 mea
630 543 695 605 iam
711 542 808 606 bona.
857 542 989 626 Fingite
1005 543 1093 609 demi

197 653 273 716 huic
290 653 413 736 aliquid
431 655 556 736 populo
571 662 724 718 natorum
741 675 839 736 posse
856 675 1025 732 meorum;

197 784 264 829 non
280 774 394 829 tamen
410 767 453 829 ad
468 786 644 830 numerum
661 766 794 848 redigar
809 767 952 849 spoliata
968 767 1120 846 duorum,

140 884 169 938 55
199 878 349 941 Latonae
365 878 505 942 turbam.
555 877 651 960 Quae
668 887 826 961 quantum
844 879 945 943 distat
960 879 1002 943 ab
1018 880 1122 946 orba?

198 987 339 1051 Iniectis
356 997 534 1071 properate
550 987 661 1064 sacris,
680 988 877 1071 laurumque
893 988 1021 1069 capillis

197 1098 345 1182 ponite.”
393 1100 579 1182 Deponunt
594 1110 628 1163 et
644 1119 739 1163 sacra
754 1099 880 1164 iniecta
896 1099 1096 1182 relinquunt,

199 1205 355 1287 quodque
372 1205 456 1282 licet,
473 1207 575 1270 tacito
591 1216 794 1270 venerantur
808 1227 978 1273 murmure
993 1229 1127 1274 numen.

217 1365 220 1374 .
244 1316 425 1400 Indignata
439 1318 503 1381 dea
518 1326 579 1394 est,
596 1338 792 1401 summoque
807 1320 841 1382 in
857 1322 981 1385 vertice
997 1322 1122 1406 Cynthi
1169 1325 1267 1374 naum

140 1440 173 1491 60
198 1428 322 1492 talibus
337 1437 389 1493 est
403 1429 499 1493 dictis
515 1429 650 1512 gemina
665 1450 740 1494 cum
757 1432 850 1514 prole
867 1432 996 1496 locuta:
1168 1411 1251 1462 ’ΨΥ

199 1541 285 1603 “En
301 1560 365 1623 ego
380 1551 491 1606 vestra
507 1561 637 1625 parens,
653 1540 748 1606 vobis
765 1544 916 1607 animosa
930 1545 1058 1621 creatis,

172 1641 174 1644 ’
197 1661 232 1716 et
247 1651 312 1715 nisi
330 1653 458 1730 Iunoni,
476 1653 558 1717 nulli
573 1673 707 1718 cessura
723 1653 870 1731 dearum,

198 1785 242 1830 an
259 1764 322 1829 dea
337 1766 399 1828 sim
415 1764 548 1830 dubitor
557 1786 565 1842 ;
590 1785 715 1849 perque
731 1766 843 1830 omnia
859 1769 994 1832 saecula
1008 1769 1106 1834 cultis

198 1897 324 1954 arceor,
342 1877 373 1943 O
389 1877 469 1954 nati,
486 1876 551 1942 nisi
566 1898 626 1943 vos
641 1879 841 1954 succurritis,
859 1879 933 1943 aris.

139 1993 169 2061 ⁶5
200 1990 276 2053 Nec
290 1990 383 2053 dolor
399 1991 452 2054 hic
468 1971 576 2067 solus;
601 1989 672 2053 diro
687 1990 837 2054 convicia
853 1991 944 2055 facto

198 2101 352 2166 Tantalis
367 2101 496 2179 adiecit,
513 2122 640 2185 vosque
655 2111 707 2166 est
722 2111 924 2185 postponere
939 2104 1027 2168 natis

197 2233 282 2277 ausa
296 2215 373 2291 suis,
390 2223 424 2278 et
439 2234 492 2278 me
501 2211 605 2297 (quod
620 2214 655 2278 in
670 2213 778 2296 ipsam
794 2214 919 2279 recidat
930 2215 954 2300 l)
968 2217 1083 2280 orbam

196 2325 288 2402 dixit,
307 2335 340 2391 et
354 2326 502 2391 exhibuit
517 2326 665 2409 linguam
681 2327 843 2390 scelerata
858 2330 1062 2410 paternam.”

242 2437 427 2502 Adiectura
442 2459 558 2521 preces
574 2447 646 2502 erat
663 2438 718 2528 his
733 2417 863 2501 Latona
878 2439 1009 2517 relatis;
1168 2451 1218 2498 fler

139 2567 170 2617 70
197 2549 383 2626 “Desine''
399 2541 563 2614 ¹Phoebus
584 2552 639 2627 ait,
663 2555 824 2634 “poenae
844 2571 937 2614 mora
955 2551 1056 2634 longa
1074 2525 1284 2646 que-‘fflgm

285 2663 366 2726 rella
381 2663 462 2726 est''
1168 2677 1195 2736 te

198 2771 292 2837 Dixit
309 2773 396 2838 idern
413 2775 566 2852 Phoebe;
590 2773 756 2856 celerique
772 2794 832 2856 per
848 2781 925 2840 a'e'ra
940 2775 1037 2858 lapsu
1154 2745 1215 2869 ’ΞΣ

196 2886 407 2968 contigerant
422 2887 501 2950 tecti
518 2887 701 2951 Cadmeida
716 2886 860 2950 nubibus
876 2907 996 2950 arcem.
1102 2939 1105 2946 ,

197 2999 323 3062 Planus
338 3009 409 3062 erat
426 2999 558 3081 lateque
574 3008 693 3081 patens
710 2985 815 3081 prope
830 3001 962 3062 moenia
978 2999 1126 3082 campus,

196 3109 346 3173 adsiduis
362 3111 513 3193 pulsatus
530 3110 632 3193 equis,
650 3088 707 3173 uhi
722 3110 821 3173 turba
836 3087 982 3174 rotarum

139 3236 169 3290 75
195 3222 347 3304 duraque
362 3219 528 3286 mollierat
541 3222 706 3287 subiectas
722 3224 848 3304 ungula
863 3223 1009 3304 glaebas.

197 3335 280 3398 Pars
295 3334 339 3397 ibi
355 3331 397 3398 de
413 3345 543 3417 septem
559 3334 680 3416 genitis
696 3334 889 3417 Amphione
904 3334 1001 3398 fortis

196 3447 427 3510 conscendunt
441 3446 476 3509 in
492 3467 605 3529 equos
622 3445 792 3532 Tyrioque
807 3446 960 3510 rubentia
975 3467 1055 3510 suco

196 3569 293 3641 terga
303 3568 468 3641 premunt,
480 3578 626 3640 auroque
636 3558 746 3640 gravis
763 3559 976 3622 moderantur
991 3559 1148 3622 habenas.

199 3671 230 3734 E
245 3669 368 3752 quibus
384 3671 547 3746 Ismenus,
564 3670 621 3753 qui
636 3670 735 3734 matri
750 3670 880 3734 sarcina
896 3671 1064 3752 quondam

139 3792 172 3843 80
198 3782 306 3867 prima
322 3801 402 3848 suae
418 3783 537 3861 iuerat,
555 3782 635 3848 dum
651 3791 778 3850 certum
795 3781 898 3859 flectit
912 3782 946 3846 in
962 3782 1077 3848 orbem
