2996 4368
505 271 892 332 smmum
1105 285 1169 356 m7

222 452 317 514 Talia
331 454 525 536 temptabat,
543 454 629 519 sicut
644 464 866 538 temptaverat
881 467 968 534 ante,

264 563 383 647 vixque
400 566 492 629 dedit
506 569 612 630 victas
628 568 769 632 utilitate
786 591 914 633 manus.

223 677 385 758 Egredior
400 675 486 760 (sive
502 679 582 742 illud
598 691 670 744 erat
685 681 757 744 sine
774 682 893 746 funere
910 682 1006 768 ferri)

178 812 211 861 90
265 791 442 871 squalidus,
461 791 616 855 immissis
632 793 719 856 hirta
735 815 795 876 per
811 815 869 857 ora
884 795 997 858 comis.

222 902 284 963 Illa
300 903 413 966 dolore
430 924 545 967 amens
560 905 706 968 tenebris
723 917 875 969 narratur
891 907 1015 970 obortis
1188 917 1238 964 uer

264 1017 466 1079 semianimis
483 1018 593 1080 media
609 1017 823 1099 procubuisse
840 1019 955 1096 domo;
1188 992 1296 1051 ΜΨ

219 1136 321 1209 utque
336 1131 514 1192 resurrexit
529 1129 674 1192 foedatis
691 1131 826 1213 pulvere
842 1131 932 1214 turpi

262 1241 408 1303 crinibus
423 1251 457 1304 et
472 1242 583 1323 gelida
599 1242 748 1305 membra
763 1243 886 1306 levavit
901 1245 1012 1321 humo,

176 1367 209 1419 95
219 1371 255 1413 se
271 1352 379 1429 modo,
396 1354 546 1417 desertos
563 1355 662 1417 modo
678 1355 903 1437 complorasse
920 1356 1063 1433 Penatis,

263 1485 383 1528 nomen
399 1475 433 1528 et
448 1468 555 1548 erepti
571 1485 672 1549 saepe
688 1486 826 1531 vocasse
841 1468 919 1545 viri;

218 1595 280 1638 nec
296 1579 462 1657 gemuisse
479 1578 588 1641 minus
604 1599 704 1661 quam
720 1578 748 1642 si
764 1589 928 1662 nataeque
945 1601 1121 1664 meumque

261 1689 397 1752 vidisset
413 1699 556 1754 structos
572 1711 694 1773 corpus
709 1691 832 1755 habere
848 1713 956 1774 rogos,

218 1810 252 1863 et
267 1801 410 1865 voluisse
427 1802 518 1879 mori,
536 1803 706 1866 moriendo
723 1823 847 1884 ponere
864 1825 989 1882 sensus,

160 1937 205 1972 100
263 1923 481 1997 respectuque
496 1924 609 1989 tamen
625 1936 692 1978 non
708 1916 852 1979 voluisse
869 1917 942 1980 mei.

217 2025 328 2101 Vivat,
345 2036 378 2089 et
394 2027 565 2090 absentem
583 2025 755 2110 (quoniam
773 2028 820 2092 sic
836 2029 907 2091 fata
923 2028 1086 2111 tulerunt)

261 2135 352 2199 vivat
367 2146 403 2199 ut
418 2137 538 2200 auxilio
555 2138 704 2202 sublevet
720 2160 825 2222 usque
841 2160 910 2202 suo.

625 2399 762 2424 ...000—

265 2618 269 2624 ·
349 2599 521 2670 XXXII.
557 2601 593 2670 A
621 2600 809 2670 STORM
839 2601 912 2670 AT
940 2602 1038 2672 SEA

221 2799 265 2859 Di
282 2799 381 2860 maris
397 2807 431 2860 et
446 2798 528 2862 caeli
545 2795 639 2881 (quid
657 2799 745 2861 enim
761 2799 825 2862 nisi
839 2809 917 2862 vota
932 2810 1111 2881 supersunt
1122 2800 1134 2862 ?
1143 2800 1165 2884 )‚

262 2909 389 2972 solvere
405 2919 581 2992 quassatae
598 2912 722 2991 parcite
740 2910 887 2973 membra
903 2913 992 2987 ratiS,

218 3041 312 3098 neve,
330 3042 456 3104 precor,
473 3021 587 3102 magni
603 3021 798 3085 subscribite
815 3023 967 3087 Caesaris
984 3023 1060 3086 irae.

263 3133 371 3215 Saepe
388 3142 559 3215 premente
574 3134 636 3196 deo
653 3134 718 3196 tert
734 3135 816 3197 deus
833 3135 916 3197 alter
931 3155 1038 3216 opem.
1185 3148 1238 3196 ooo

173 3257 186 3310 5
220 3245 383 3309 Mulciber
398 3247 432 3308 in
448 3246 591 3321 Troiam,
610 3266 669 3327 pro
686 3247 786 3310 Troia
803 3246 913 3309 stabat
930 3247 1073 3328 Apollo;
1186 3224 1295 3344 {Em

262 3378 368 3440 aequa
382 3359 498 3421 Venus
514 3359 662 3434 Teucris,
681 3359 790 3421 Pallas
807 3357 920 3440 iniqua
936 3359 1008 3421 luit.
1187 3370 1239 3418 (tou

218 3469 347 3534 Oderat
362 3470 504 3533 Aenean
521 3469 655 3552 propior
674 3470 830 3534 Saturnia
846 3471 980 3547 Turno;

261 3582 315 3645 ille
330 3591 443 3645 tamen
459 3583 600 3646 Veneris
617 3582 752 3645 numine
768 3591 859 3645 tutus
875 3592 954 3645 erat.

218 3695 328 3775 Saepe
344 3693 438 3756 ferox
453 3702 587 3756 cautum
604 3693 698 3776 petiit
715 3694 894 3776 Neptunus
911 3693 1033 3758 Ulixen
1043 3715 1051 3769 ;
