2996 4368
314 308 382 398 146
527 318 777 377 suuncrrous
807 319 925 376 From
956 318 1059 376 ovu)

310 503 415 567 hostis
432 523 583 586 quaeque
595 523 672 566 suos
684 524 691 580 ;
714 522 807 565 amor
819 511 871 566 est
883 502 963 565 mihi
976 522 1076 566 causa
1089 505 1258 585 sequendi.
1289 526 1302 579 5
1305 527 1320 579 5

311 617 369 680 Me
385 615 551 691 miserum,
569 636 612 679 ne
629 635 734 696 prona
750 615 860 690 cadas,
879 614 1059 695 indignave
1075 615 1162 678 laedi
1354 598 1356 604 ¹

308 749 405 800 crura
420 738 537 791 notent
553 736 674 803 sentes,
692 738 725 791 et
741 726 802 790 sim
819 726 878 789 tibi
894 746 996 789 causa
1011 727 1142 790 doloris.

308 842 442 923 Aspera
454 861 520 923 qua
535 860 696 922 properas
712 840 785 902 loca
801 848 888 902 sunt.
937 839 1151 916 Moderatius,
1169 860 1237 917 oro,

307 973 403 1017 curre
419 954 603 1035 fugamque
618 952 751 1029 inhibe;
776 950 978 1015 moderatius
994 951 1150 1033 insequar
1165 952 1246 1034 ipse.

352 1065 415 1130 Cui
430 1065 573 1147 placeas
592 1064 721 1146 inquire
736 1073 858 1127 tamen.
907 1064 985 1126 Non
1001 1064 1110 1127 incola
1126 1065 1257 1142 montis,
1287 1079 1320 1127 60

307 1198 374 1242 non
390 1198 454 1260 ego
471 1198 543 1240 sum
559 1186 682 1260 pastor,
699 1197 767 1239 non
784 1178 837 1239 hic
853 1185 1003 1240 armenta
1018 1196 1207 1260 gregesque

307 1290 459 1354 horridus
475 1289 624 1353 observo.
672 1289 800 1364 Nescis,
818 1288 1001 1364 temeraria,
1017 1290 1128 1352 nescis
1149 1345 1152 1350 .

308 1423 407 1484 quem
423 1401 544 1484 fugias,
561 1402 702 1484 ideoque
718 1400 817 1481 iugis
866 1400 952 1462 Mihi
963 1400 1130 1483 Delphica
1145 1401 1244 1466 tellus

309 1524 342 1578 et
359 1515 474 1579 Claros
490 1525 523 1579 et
539 1513 694 1578 Tenedos
712 1515 918 1596 Patareaque
933 1514 1026 1594 regia
1041 1514 1151 1580 servit.

311 1603 462 1709 Iuppiter
477 1636 528 1690 est
543 1626 682 1708 genitor.
730 1627 792 1689 Per
809 1647 861 1690 me
878 1626 967 1708 quod
983 1627 1111 1708 eritque
1127 1625 1257 1708 fuitque
1285 1645 1317 1710 65

259 1771 262 1778 v
308 1749 424 1822 estque
440 1748 541 1821 patet,
559 1758 619 1820 per
635 1758 688 1802 me
705 1739 909 1802 concordant
923 1737 1071 1802 carmina
1085 1739 1204 1803 nervis.

309 1852 408 1930 Certa
424 1851 557 1933 quidem
573 1861 688 1914 nostra
703 1860 762 1927 est,
780 1860 893 1914 nostra
908 1861 1021 1914 tamen
1037 1871 1104 1914 una
1119 1851 1242 1933 sagitta
1310 1925 1312 1928 ¹

308 1955 435 2038 certior,
453 1962 487 2025 in
502 1982 608 2026 vacuo
624 1982 710 2046 quae
725 1964 864 2026 vulnera
880 1973 1015 2045 pectore
1030 1963 1120 2026 fecit.

309 2076 487 2137 Inventum
503 2075 667 2138 medicina
679 2095 790 2137 meum
806 2084 866 2150 est,
878 2075 1052 2158 opiferque
1065 2095 1126 2157 per
1141 2075 1256 2139 orbem

308 2187 454 2262 dicor‚et
470 2187 646 2250 herbarum
663 2186 812 2250 subiecta
828 2187 977 2269 potentia
993 2187 1098 2251 nobis.
1180 2249 1183 2254 ,
1253 2247 1256 2252 ,
1283 2207 1318 2259 70

309 2298 351 2360 Ei
366 2298 455 2374 mihi,
469 2299 558 2381 quod
574 2299 672 2361 nullis
688 2318 781 2361 amor
796 2309 847 2362 est
862 2299 1020 2363 sanabilis
1036 2300 1156 2376 herbiS,
1255 2307 1258 2314 '

307 2431 368 2474 nec
385 2420 525 2492 prosunt
540 2411 673 2474 domino
693 2430 778 2493 quae
794 2422 935 2493 prosunt
951 2412 1104 2490 omnibus
1120 2413 1256 2480 atteslfl
1286 2459 1287 2464 η

351 2523 449 2585 Plura
465 2519 651 2586 locuturum
666 2515 782 2586 timido
799 2524 921 2587 Peneia
933 2544 1030 2588 cursu

306 2635 394 2717 fugit
410 2655 552 2717 cumque
568 2635 642 2715 ipso
657 2635 761 2698 verba
776 2635 979 2718 imperfecta
989 2637 1129 2720 reliquit.
1201 2687 1204 2691 .
1236 2661 1253 2673 '¹

306 2748 394 2810 Tum
411 2767 542 2829 quoque
554 2748 626 2811 visa
641 2747 773 2811 decens,
804 2748 987 2811 Nudabant
1003 2755 1143 2831 corpora
1151 2749 1253 2826 venti,
1282 2773 1314 2826 75

304 2859 469 2942 obviaque
486 2859 643 2923 adversas
657 2859 834 2923 vibrabant
849 2860 985 2923 flamina
1000 2862 1112 2938 vestis,

348 3104 387 3169 56.
405 3117 515 3165 prona:
533 3105 612 3153 daron.
622 3107 654 3141 -—'
661 3106 798 3166 indigna:
818 3107 898 3154 which
907 3106 938 3154 do
950 3113 994 3154 not
1003 3106 1108 3168 dysme.
1116 3097 1235 3156 —laedi
1247 3124 1253 3154 ι

306 3203 371 3250 quae
382 3188 526 3236 laedantur.
561 3199 600 3252 57.
618 3200 721 3237 crura:
740 3189 795 3252 legs.
804 3192 968 3237 -nonont:
986 3190 1088 3238 scratch.
1096 3193 1254 3240 —sentest

306 3269 435 3318 branzblcs.
470 3283 508 3334 59.
526 3269 645 3319 inhibe:
665 3270 741 3319 check.
776 3270 816 3318 61.
836 3274 972 3320 menta
984 3272 1255 3332 gregesquetsterds

306 3352 456 3416 andflocks.
482 3352 522 3400 62.
534 3352 688 3401 horridus:
702 3369 739 3400 an
748 3353 857 3400 uncoutlz
867 3354 1134 3404 rustic-observo
1146 3371 1152 3401 ε
1164 3354 1251 3402 watch.

305 3435 521 3483 -temerariau
544 3435 603 3482 rask
610 3435 673 3498 girl.
708 3433 747 3484 66.
766 3435 1080 3485 concordantnervis:
1093 3443 1255 3500 ¹aresungto

304 3517 470 3564 harmonious
487 3518 574 3565 music.
620 3517 658 3565 68.
679 3529 792 3566 vacuo:
811 3518 893 3583 fancy
903 3518 968 3583 free.
1014 3518 1053 3579 69.
1072 3519 1181 3579 opiier:
1210 3517 1255 3567 the

305 3606 459 3662 component
475 3606 544 3662 parts
560 3599 610 3648 will
622 3599 678 3661 give
689 3599 733 3647 the
745 3600 871 3662 meaning.
907 3612 945 3663 71.
963 3601 1124 3649 sanabilis:
1145 3601 1254 3650 curable.

306 3693 344 3744 73.
362 3683 550 3730 locuturum:
569 3697 603 3730 sc.
618 3698 683 3729 eum.
719 3694 757 3745 74.
777 3682 966 3742 imperiecta:
986 3683 1138 3746 unfinished,
1151 3683 1190 3732 i.e.
1204 3700 1255 3732 un·

303 3764 368 3812 said.
404 3763 442 3827 76.
460 3763 699 3813 obviassamrna:
720 3764 935 3828 opposingwindr.
1248 3767 1251 3774 '
