2996 4368
449 329 537 386 rna
567 329 757 388 nanuuss
788 330 841 387 or
869 329 946 388 nuo
1111 339 1179 412 159

227 520 327 593 teque
343 512 457 576 ferens
472 532 612 596 parvum
629 513 736 590 nudis,
755 513 938 590 Melicerta,
957 513 1089 577 lacertis

229 628 249 654 “
260 624 378 688 Euhoe
392 625 524 688 Bacche
535 626 553 651 ”
571 636 676 689 sonat.
725 626 849 689 Bacchi
865 626 927 689 sub
944 626 1079 690 nomine
1095 625 1181 687 Iuno

227 735 299 799 risit
313 745 357 811 et,
376 737 480 801 “Hos
497 758 576 812 usus
593 747 740 820 praestet
754 738 844 814 tibi,'’
862 738 952 814 dixit,
968 739 1180 800 “alumnus''

165 874 199 927 45
274 848 431 912 Imminet
445 850 644 932 aequoribus
660 852 826 933 scopulus.
865 852 945 914 Pars
961 851 1027 919 irna
1043 861 1180 914 cavatur
1197 867 1240 914 1110

227 963 382 1026 fluctibus
398 972 432 1026 et
447 972 552 1026 tectas
568 964 720 1026 defendit
740 963 782 1026 ab
799 951 958 1028 imbribus
974 965 1090 1040 undas,
1196 943 1329 1063 ἵζω

227 1097 357 1140 summa
366 1078 452 1158 riget
464 1077 674 1159 frontemque
687 1076 720 1139 in
732 1087 884 1159 apertum
896 1077 1035 1160 porrigit
1045 1090 1176 1158 aequor.
1196 1092 1268 1150 napa

228 1189 384 1271 Occupat
398 1189 487 1252 hunc
502 1186 596 1280 (viris
612 1189 742 1252 insania
759 1189 903 1274 fecerat)
921 1191 992 1266 In0,
1196 1167 1250 1287 ᾖξ’

227 1322 330 1385 seque
346 1322 446 1384 super
461 1311 601 1384 pontum
618 1302 708 1365 nullo
725 1304 856 1366 tardata
872 1305 990 1366 timore
1198 1315 1248 1362 Sea

168 1437 199 1490 50
228 1415 329 1478 mittit
344 1436 495 1497 onusque
511 1436 616 1478 suum.
666 1416 828 1479 Percussa
846 1416 1020 1479 recanduit
1036 1416 1135 1478 unda.

228 1527 277 1590 At
292 1529 408 1590 Venus
421 1527 604 1591 immeritae
620 1527 729 1610 neptis
746 1528 902 1591 miserata
919 1527 1048 1590 labores

229 1639 275 1702 sic
292 1649 410 1721 patruo
425 1640 576 1703 blandita
592 1660 652 1703 suo
668 1650 738 1703 est:
765 1640 824 1705 “O
843 1660 966 1703 numen
984 1659 1154 1722 aquarum,

228 1751 378 1833 proxima
393 1754 446 1815 cui
461 1754 554 1815 caelo
570 1753 677 1829 cessit,
699 1753 867 1834 Neptune,
886 1761 1045 1834 potestas,

229 1867 352 1944 magna
368 1865 501 1946 quidem
518 1885 629 1947 posc0,
647 1866 706 1928 sed
722 1873 759 1927 tu
776 1865 932 1928 miserere
949 1884 1107 1938 meorum,

169 1998 200 2052 55
229 1975 344 2038 iactari
360 1997 443 2058 quos
459 1977 567 2040 cernis
583 1977 617 2039 in
636 1977 731 2040 lonio
747 1976 919 2052 immensu,

228 2098 263 2151 et
278 2088 329 2150 dis
345 2089 430 2152 adde
446 2089 520 2152 tuis.
568 2089 693 2172 Aliqua
710 2099 743 2152 et
759 2089 840 2151 mihi
856 2088 963 2170 gratia
980 2098 1082 2170 ponto
1098 2097 1158 2163 est,

229 2199 258 2262 si
273 2208 384 2264 tamen
400 2201 433 2262 in
451 2200 504 2264 dio
522 2203 691 2284 quondam
709 2210 864 2264 concreta
882 2201 1048 2283 profundo

229 2332 349 2394 spuma
364 2313 422 2388 fui,
440 2313 642 2396 Graiumque
659 2324 772 2376 manet
788 2313 869 2375 mihi
885 2323 1004 2375 nomen
1021 2312 1063 2374 ab
1079 2311 1165 2374 illa·.'’

230 2423 361 2503 Adnuit
376 2427 483 2488 oranti
501 2426 679 2508 Neptunus
697 2436 730 2489 et
747 2424 884 2488 abstulit
900 2424 963 2487 illis

167 2546 202 2596 60
230 2536 320 2618 quod
340 2538 479 2614 mortale
496 2537 567 2613 fuit,
586 2537 861 2619 maiestatemque
877 2516 1057 2599 verendam
1200 2547 1336 2594 nivuities

229 2648 396 2730 imposuit,
413 2669 602 2731 nomenque
619 2649 717 2712 simul
734 2649 922 2730 faciemque
938 2649 1082 2723 novavit,

231 2761 489 2844 Leucotheeque
505 2761 603 2824 deum
620 2782 695 2825 curn
712 2771 817 2825 matre
834 2761 1033 2823 Palaemona
1049 2759 1138 2822 dixit.

273 2955 315 3005 43.
332 2943 437 2993 Euhoe
453 2943 589 2994 Bacche:
610 2942 744 3006 aBacchic
755 2959 804 3006 cry.
839 2957 879 3004 44.
897 2946 1047 3004 praestet:
1068 2942 1161 2990 render
1169 2959 1181 2998 ,-

230 3025 342 3088 optative
350 3025 453 3088 subj.-
462 3026 612 3075 alumnus:
633 3027 680 3074 Ino
689 3026 741 3074 had
752 3025 804 3073 had
816 3026 909 3086 charge
922 3019 951 3072 ol
966 3023 1078 3073 Bacchus
1091 3024 1182 3085 during

230 3107 270 3155 his
288 3107 395 3171 inlancy.
422 3121 463 3173 47.
481 3108 571 3170 riget:
590 3109 646 3174 lists
657 3109 729 3173 itsels
734 3116 775 3172 up.
810 3121 849 3172 50.
867 3107 1039 3157 recanduit:
1058 3106 1184 3154 whitemd

230 3191 292 3238 with
302 3192 383 3255 fham.
418 3203 456 3254 51.
481 3191 596 3252 neptis:
617 3191 833 3254 grunddaugbter.
879 3202 919 3254 52.
946 3193 1069 3250 patruo:
1101 3190 1180 3236 uncle.

230 3273 408 3322 -blandlta
431 3276 493 3322 eut:
523 3273 621 3322 coaxed.
662 3273 701 3338 ⁵⁶·
729 3272 827 3339 addo:
857 3287 891 3321 sc.
904 3288 947 3320 eos.
990 3271 1030 3336 58.
1058 3271 1180 3320 Graium

230 3366 352 3404 nomem
373 3355 412 3403 le.
424 3353 573 3418 Aphrodite,
588 3355 652 3403 from
664 3354 748 3416 topos,
758 3355 838 3419 soam.
873 3353 912 3402 62.
925 3351 1100 3403 Leucothoe
1112 3365 1181 3402 cum

230 3441 340 3488 matre:
360 3436 458 3489 instead
470 3435 499 3484 ol
513 3444 536 3484 et
546 3444 653 3484 ventrem
665 3436 823 3485 leucolbeen.
