944 1275
164 233 222 245 ῐιιιωιιιι

162 459 216 474 sima·

262 175 284 193 68
367 179 492 193 SELECTIONS
507 179 565 193 FROM
581 179 633 193 OVID

261 224 374 246 quadrupedis
382 230 441 241 cursus
449 225 577 246 spumantiaque
585 230 614 241 ora
621 227 691 244 coercet,

262 254 271 261 ‘¹
277 253 297 268 Ei
305 253 345 268 mihi
352 253 355 268 !
362 253 371 259 ''
384 253 482 272 conclamat,
491 253 578 274 medioque
586 253 603 269 in
611 256 678 274 pectore
686 253 719 269 fixa

260 281 294 297 tela
301 281 349 301 gerit,
358 281 443 302 frenisque
452 286 502 297 manu
511 281 591 297 moriente
599 281 671 297 remissis

260 308 277 324 in
286 309 329 325 latus
337 314 347 325 a
354 309 412 325 dextro
421 309 501 330 paulatim
509 309 567 325 defluit
574 314 625 325 armo.

282 337 373 356 Proximus,
382 337 438 353 audito
446 337 501 353 sonitu
510 342 539 358 per
547 337 597 353 ina-ne
605 337 698 358 pharetrae,

260 365 308 381 frena
315 364 366 381 dabat
375 365 454 386 Sipylus;
465 365 517 381 veluti
525 370 562 381 cum
571 365 656 386 praescius
664 365 721 381 imbris

260 393 304 409 nube
313 393 357 414 fugit
364 393 400 409 visa
408 393 532 414 pendentiaque
540 393 613 414 undique
621 395 676 409 rector

259 421 328 437 carbasa
336 421 407 440 deducit,
416 426 437 437 ne
446 426 479 442 qua
487 421 528 437 levis
535 421 593 437 effluat
601 426 645 437 aura.

260 449 315 465 Frena
322 451 379 465 tamen
387 449 455 465 dantem
463 454 498 465 non
506 449 582 465 evitabile
590 449 642 465 telum

259 477 375 498 consequitur:
387 482 486 498 summaque
493 479 566 493 tremens
574 477 638 493 cervice
647 477 707 498 sagitta

259 505 317 525 haesit,
326 508 343 521 et
351 505 427 521 exstabat
435 506 499 521 nudum
507 506 528 521 de
536 508 603 526 gutture
611 506 679 521 serrum,

260 533 295 552 Ille¹
305 536 323 549 ut
331 536 366 549 emt
374 539 442 554 pronus,
451 539 482 554 per
490 534 533 549 colla
541 533 614 549 admissa
622 533 703 554 iubasque

258 561 330 578 volvitur
338 564 355 578 et
362 562 417 578 calido
425 562 501 578 tellurem
509 562 591 587 sanguine
599 562 661 578 foedat.

280 895 380 911 Phaedimus
389 896 447 912 infelix
455 898 472 912 et
480 896 520 912 aviti
528 896 599 913 nominis
608 897 656 913 heres

257 923 344 943 TantaIus,
352 926 370 940 ut
378 924 427 940 solito
434 924 485 940 finem
493 924 587 945 imposuere
596 925 652 944 labori,

256 951 357 968 transierant
364 952 386 967 ad
394 957 437 972 opus
445 952 507 968 nitidae
515 953 592 969 iuvenale
600 953 702 974 palaestrae;

256 981 273 995 et
281 979 313 995 iam
322 980 427 996 contulerant
435 983 471 996 arto
479 980 559 996 luctantia
567 986 611 997 nexu

257 1010 325 1027 pectora
333 1008 433 1028 pectoribus,
442 1013 480 1024 cum
488 1011 535 1024 tento
543 1009 608 1025 concita
615 1014 672 1028 nervo,

257 1035 300 1051 sicut
307 1038 355 1051 erant
363 1035 419 1055 iuncti,
427 1036 492 1053 traiecit
500 1039 589 1058 utrumque
597 1037 662 1058 sagitta.
