2948 4368
306 300 354 393 36
518 310 768 368 SELECTIONS
798 311 916 368 FROM
947 310 1050 367 OVID

309 479 382 556 ima
398 502 517 575 petunt
532 493 649 575 pisces,
667 513 729 556 nec
746 501 781 556 se
797 513 898 575 super
914 513 1058 577 aequora
1074 502 1166 556 curvi

306 606 422 669 tollere
438 613 615 669 consuetas
631 606 756 669 audent
771 606 946 687 delphines
962 605 996 669 in
1012 612 1119 668 auras.

308 719 457 799 Corpora
473 718 655 799 phocarum
672 698 806 781 summo
818 727 975 799 resupina
990 717 1158 799 profundo

307 830 494 893 exanimata
509 839 636 893 natant.
684 831 801 911 ipsum
818 851 950 912 quoque
967 831 1078 893 Nerea
1094 830 1186 892 fama
1208 839 1260 892 est
1272 855 1320 910 245

308 943 501 1024 Doridaque
517 953 551 1005 et
566 949 662 1005 natas
678 942 799 1024 tepidis
816 941 952 1005 latuisse
968 941 1030 1005 sub
1046 952 1157 1004 antris.

305 1056 373 1118 Ter
390 1056 569 1136 Neptunus
585 1064 680 1136 aquis
696 1075 770 1117 cum
787 1062 881 1118 torvo
896 1054 1052 1117 bracchia
1066 1055 1159 1117 vultu

306 1187 457 1230 exserere
473 1187 573 1230 ausus
589 1175 677 1244 erat;
701 1176 753 1230 ter
767 1174 834 1230 non
851 1166 927 1230 tulit
942 1168 1028 1230 aeris
1043 1176 1139 1249 ignis.

307 1281 409 1343 Alma
424 1289 536 1342 tamen
554 1279 677 1354 Tellus,
696 1288 733 1342 ut
749 1287 820 1342 erat
837 1279 1041 1342 circumdata
1058 1286 1169 1361 ponto,

306 1391 393 1455 inter
407 1398 511 1474 aquas
527 1391 639 1474 pelagi
654 1398 908 1474 contractosque
925 1390 1070 1475 undique
1086 1392 1198 1467 fontis,
1270 1418 1319 1471 250

306 1511 414 1586 quise
430 1503 646 1567 condiderant
661 1505 694 1566 in
711 1511 836 1585 opacae
851 1513 979 1567 viscera
994 1504 1118 1579 matris,
1390 1482 1394 1488 ¹

307 1615 439 1679 sustulit
454 1624 634 1698 oppressos
650 1615 736 1679 collo
751 1625 848 1679 tenus
864 1615 957 1678 arida
971 1616 1083 1679 vultus

306 1727 528 1810 opposuitque
545 1748 679 1790 manum
695 1729 800 1791 fronti
814 1734 1003 1810 magnoque
1019 1735 1162 1790 tremore

306 1839 418 1903 omnia
434 1839 627 1903 concutiens
643 1839 779 1921 paulum
796 1839 946 1902 subsedit
961 1849 994 1902 et
1009 1839 1098 1902 inira

306 1972 407 2034 quam
423 1952 507 2015 solet
522 1972 595 2016 esse
612 1952 684 2028 fuit,
702 1959 868 2034 raucaque
883 1951 930 2014 ita
945 1959 1027 2014 voce
1043 1952 1154 2015 locuta
1167 1959 1238 2014 est:
1271 1971 1320 2026 ²55

352 2064 418 2127 “Si
441 2064 550 2146 placet
574 2065 645 2140 hoc,
671 2074 851 2147 meruique,
875 2064 954 2146 quid
980 2050 1011 2128 O
1035 2073 1093 2128 tua
1117 2063 1260 2126 fulmina

394 2185 535 2251 cessant,

306 2308 434 2351 summe
450 2288 572 2350 deum?
619 2286 735 2350 Liceat
750 2288 917 2369 periturae
932 2287 1058 2351 viribus
1073 2287 1161 2369 ignis

305 2410 384 2482 igne
401 2409 508 2482 perire
524 2407 582 2461 tuo
598 2399 794 2480 clademque
810 2408 945 2463 auctore
962 2401 1081 2463 levare.

305 2511 370 2576 Vix
386 2511 539 2593 equidem
555 2511 671 2574 fauces
687 2511 769 2574 haec
786 2511 860 2594 ipsa
875 2511 909 2575 in
925 2511 1027 2575 verba
1042 2511 1171 2575 resolvo
1181 2512 1246 2556 ”—

306 2631 473 2705 presserat
487 2631 545 2685 ora
560 2642 674 2704 vapor.
719 2628 737 2655 “
747 2624 868 2686 Tostos
884 2631 925 2686 en
942 2625 1054 2705 aspice
1070 2633 1178 2700 crinis,
1272 2646 1320 2696 2⁶0

305 2735 407 2817 inque
422 2735 525 2798 oculis
541 2742 680 2809 tantum,
698 2743 827 2797 tantum
845 2755 946 2817 super
962 2743 1019 2798 ora
1035 2735 1187 2800 favillae!

306 2958 470 3041 officiique
486 2959 600 3034 refers,
619 2958 707 3040 quod
723 2958 844 3021 adunci
858 2960 997 3023 vulnera
1013 2967 1114 3022 aratri

306 3079 553 3153 rastrorumque
569 3071 642 3133 iero
656 3079 792 3153 totoque
808 3091 961 3135 exerceor
977 3081 1075 3148 anno,

306 3183 396 3265 quod
412 3192 525 3265 pecori
540 3182 686 3258 frondes
703 3183 927 3266 alimentaque
943 3184 1035 3247 mitia
1049 3184 1165 3266 irriges
1269 3199 1317 3266 265

307 3296 454 3358 hirmino
469 3303 593 3377 generi,
610 3294 703 3357 vobis
719 3315 852 3377 quoque
868 3303 942 3358 trira
958 3295 1130 3360 ministro?

307 3407 366 3470 sed
381 3416 494 3470 tamen
509 3405 643 3470 exitium
659 3407 714 3469 fac
730 3414 783 3468 me
799 3407 977 3485 meruisse;
1002 3408 1081 3491 quid
1097 3408 1216 3484 undae,

307 3519 387 3603 quid
402 3518 522 3582 meruit
537 3517 663 3580 frater?
687 3519 756 3582 Cirr
770 3518 818 3580 illi
833 3519 954 3582 tradita
969 3529 1057 3583 sorte

308 3651 453 3714 aequora
468 3630 665 3693 decrescunt
680 3639 713 3693 et
729 3630 770 3692 ab
786 3632 920 3695 aethere
936 3631 1067 3714 longius
1084 3631 1228 3695 absunt?

309 3742 408 3825 Quod
425 3751 453 3804 si
468 3761 530 3804 nec
546 3740 659 3803 fratris
675 3761 737 3804 nec
753 3750 786 3804 te
803 3762 877 3805 mea
893 3742 1000 3823 gratia
1015 3743 1132 3826 tangit,
1271 3775 1319 3824 270
