2996 4368
514 323 768 381 ATALANTA’S
800 323 907 381 RACE
1115 310 1157 379 16
1159 331 1180 402 3

234 507 480 590 Indignamque
496 527 612 570 necem
630 507 772 589 pretium
788 506 934 590 patietur
949 505 1096 569 amoris?

233 619 310 681 Non
326 618 389 682 erit
406 618 548 682 invidiae
564 619 701 682 victoria
717 628 830 682 nostra
846 618 1014 682 ferendae.

171 753 204 802 70
232 731 299 795 Sed
315 752 383 794 non
400 732 499 812 culpa
514 751 589 795 mea
604 740 662 794 est.
712 730 850 796 Utinam
866 731 1026 794 desistere
1041 731 1151 794 velles.
1201 741 1251 788 sue

231 844 303 907 Aut
319 845 476 927 quoniam
493 865 529 908 es
545 845 694 921 demens,
711 843 998 908 utinamvelocior
1013 863 1112 908 esses.
1200 816 1297 937 (ἔξω

232 956 281 1019 At
296 977 397 1040 quam
413 957 582 1039 virgineus
599 956 717 1040 puerili
733 957 843 1019 vultus
859 956 892 1018 in
910 975 966 1020 ore
982 965 1041 1020 est.
1201 964 1362 1010 usuvemco

232 1068 299 1144 Ah,
318 1068 418 1132 miser
435 1071 660 1151 Hippomene,
677 1068 798 1133 nollem
815 1068 875 1132 tibi
890 1067 961 1132 visa
978 1069 1125 1132 fuissem.

232 1181 354 1244 Vivere
370 1181 492 1263 dignus
509 1201 591 1244 eras.
625 1180 724 1264 Quod
741 1181 769 1244 si
785 1180 913 1245 felicior
929 1201 1038 1244 essem

171 1310 202 1363 75
233 1313 294 1357 nec
311 1295 393 1356 mihi
409 1294 601 1376 coniugium
617 1293 689 1357 iata
704 1293 894 1375 importuna
909 1303 1081 1375 negarent,

233 1425 318 1470 unus
334 1425 408 1470 eras
424 1426 499 1470 cum
515 1427 582 1489 quo
595 1406 720 1470 sociare
736 1406 857 1470 cubilia
868 1406 1020 1469 vellem.'’

277 1518 427 1581 Dixerat.
473 1520 589 1600 thue
609 1518 700 1581 rudis
716 1517 889 1600 primoque
906 1517 1070 1600 Cupidine
1085 1527 1183 1594 tacta,

233 1630 312 1714 quid
324 1630 403 1693 velit
419 1630 587 1712 ignorans,
605 1638 695 1692 amat
710 1639 744 1693 et
759 1650 826 1693 non
843 1631 943 1693 sentit
958 1649 1114 1693 amorem.

234 1744 307 1806 lam
325 1742 438 1805 solitos
455 1750 598 1824 poscunt
609 1762 726 1805 cursus
743 1742 953 1824 populusque
970 1751 1140 1824 paterque,

169 1869 204 1918 80
231 1875 308 1918 cum
325 1875 378 1918 me
395 1855 534 1918 sollicita
551 1854 659 1936 proles
678 1854 849 1936 Neptunia
864 1874 947 1917 voce
1202 1865 1367 1923 Hippomenes

231 1969 366 2030 invocat
383 1967 626 2049 Hippomenes,
639 1966 937 2050 “Cytherea”que,
952 1971 971 1998 “
981 1986 1182 2048 comprecor,
1201 1938 1307 2060 333⁸

321 2098 409 2141 ausrs

232 2189 350 2266 adsit,”
369 2189 423 2265 ait,
442 2193 460 2222 ‘⁴
471 2190 594 2253 nostris
610 2199 643 2253 et
659 2210 742 2272 quos
758 2190 849 2253 dedit
865 2189 1000 2253 adiuvet
1015 2189 1132 2272 ignis.”

278 2301 408 2364 Detulit
424 2321 505 2364 aura
518 2321 634 2383 preces
651 2302 693 2363 ad
709 2321 846 2364 menon
862 2301 974 2364 invida
989 2301 1147 2377 blandas;

234 2422 391 2494 motaque
407 2433 490 2488 sum,
500 2413 616 2476 fateor.
651 2413 723 2476 Nec
734 2413 913 2495 opis'mora
923 2413 1024 2493 longa
1034 2413 1182 2476 dabatur.

171 2533 206 2598 85
235 2525 297 2588 Est
313 2544 394 2606 ager
408 2522 605 2606 (indigenae
621 2527 848 2588 Tamasenum
865 2525 999 2588 nomine
1015 2525 1155 2610 dicunt),

233 2635 360 2700 telluris
378 2636 520 2721 Cypriae
537 2657 614 2718 pars
627 2637 762 2718 optima,
780 2656 879 2719 quam
896 2637 976 2700 mihi
992 2634 1091 2719 prisci

234 2768 408 2812 sacravere
425 2769 531 2824 senes,
548 2748 748 2831 templisque
765 2747 924 2812 accedere
940 2749 1051 2812 dotem

234 2860 322 2923 hanc
338 2860 465 2924 iussere
481 2861 572 2923 meis.
621 2860 735 2923 Medio
750 2860 834 2923 nitet
849 2860 948 2924 arbor
960 2860 993 2923 in
1009 2881 1098 2937 arvo,

234 2972 329 3035 fulva
345 2992 484 3048 comam,
502 2972 595 3035 fulvo
611 2972 711 3036 ramis
728 2972 968 3053 crepitantibus
984 2993 1073 3036 auro,

173 3116 207 3171 90
236 3087 327 3148 Hinc
342 3086 405 3148 tria
421 3086 508 3148 forte
524 3105 599 3148 mea
614 3085 752 3148 veniens
769 3084 928 3167 decerpta
943 3085 1092 3149 ferebam

235 3218 337 3261 aurea
352 3217 452 3279 poma
468 3217 577 3273 manu,
592 3197 739 3279 nullique
754 3198 898 3261 videnda
910 3197 973 3261 nisi
984 3197 1048 3279 ipsi

276 3367 316 3429 69.
333 3368 404 3417 Non
415 3386 420 3416 :
433 3366 492 3416 with
496 3368 809 3432 serendae—invidiae
820 3387 825 3416 ε
838 3368 908 3432 pred.
917 3381 975 3431 gen.
996 3380 1034 3432 71.
1046 3368 1185 3418 demens:

235 3466 329 3499 amens.
365 3463 403 3514 73.
414 3450 544 3499 nollem:
562 3450 648 3498 would
652 3450 732 3498 that!
738 3450 793 3498 had
799 3458 848 3500 not.
879 3450 917 3514 76.
930 3451 1049 3500 sociare
1057 3451 1185 3500 cubilia:

235 3549 333 3596 marry.
364 3544 403 3596 77.
417 3533 517 3581 rudis:
537 3533 738 3596 inexperienced.
774 3532 814 3582 80.
836 3533 937 3594 proles
956 3533 1129 3594 Neptunia:
1161 3533 1187 3580 in

235 3615 379 3679 apposition
390 3622 418 3663 to
429 3615 605 3679 Hippomenes.
635 3614 674 3664 81.
686 3615 784 3664 ausis:
798 3622 821 3663 to
833 3631 875 3678 rny
887 3615 1066 3679 undertaking.
1095 3614 1135 3680 85.
1145 3615 1186 3663 ln·

235 3698 381 3761 digenae:
405 3698 509 3746 natives.
552 3696 591 3746 88.
618 3697 710 3747 nitet:
731 3699 840 3762 glistens.
887 3696 927 3759 89.
947 3697 1028 3746 tulva
1051 3709 1185 3747 comam:

234 3781 295 3829 with
309 3781 398 3844 yellow
408 3781 512 3845 foliage.
