2948 4368
464 306 655 364 PYRAMUS
684 307 772 364 nnn
801 308 948 368 rmsnn
1126 323 1174 392 49

218 506 280 550 nec
297 487 388 568 prior
405 488 469 551 huc
485 489 570 551 veni.
620 491 780 553 Nostrum
797 491 942 557 divellite
959 513 1090 576 corpus,

218 610 252 661 et
269 600 433 662 scelerata
447 601 520 663 fero
536 601 721 664 consumite
737 602 865 668 viscera
881 625 1003 682 morsu,

219 711 251 774 Ο
268 711 470 794 quicumque
487 711 548 775 sub
565 714 627 775 hac
645 713 802 777 habitatis
817 735 900 797 rupe
916 714 1038 780 leones.

219 823 287 886 Sed
304 823 412 886 timidi
428 834 479 887 est
494 834 610 906 optare
626 827 774 889 necem.”
795 827 970 891 Velamina
986 828 1130 894 Thisbes

167 947 198 995 60
216 936 303 997 tollit
318 945 353 998 et
368 936 411 998 ad
427 945 544 1017 pactae
560 956 673 1000 secum
689 938 755 1001 fert
771 938 898 1002 arboris
914 940 1074 1004 umbram.

218 1049 336 1130 thue
353 1047 445 1110 dedit
460 1058 559 1112 notae
575 1048 737 1126 lacrimas,
756 1050 847 1114 dedit
864 1053 977 1115 oscula
991 1053 1085 1129 vesti,

219 1159 380 1240 “Accipe
404 1161 522 1236 nunc‚’'
547 1161 663 1243 inquit,
689 1162 823 1226 “nostri
845 1182 978 1245 quoque
1001 1164 1174 1248 sanguinis
1199 1193 1254 1240 „a

308 1272 478 1335 haustus.''

218 1384 365 1466 Quoque
381 1393 453 1446 erat
468 1384 645 1461 accinctus
663 1385 795 1448 demisit
810 1386 844 1448 in
860 1387 915 1449 ilia
931 1387 1075 1464 lerrum;

219 1515 282 1558 nec
299 1515 402 1570 mora,
420 1496 562 1560 ferventi
577 1497 723 1560 moriens
739 1517 758 1561 e
773 1497 909 1562 vulnere
925 1499 1032 1563 traxit.

165 1610 197 1677 65
264 1609 314 1672 Ut
330 1607 431 1671 iacuit
445 1609 622 1690 resupinus
639 1610 750 1686 humo,
768 1629 865 1673 cruor
880 1611 1000 1674 emicat
1016 1613 1100 1688 alte;

219 1741 288 1783 non
305 1719 400 1782 aliter
416 1740 516 1802 quam
532 1741 608 1784 cum
623 1720 738 1784 vitiato
754 1721 865 1786 fistula
882 1722 1018 1803 plumbo

220 1831 392 1908 scinditur,
410 1841 444 1896 et
458 1832 551 1896 tenui
567 1833 728 1896 stridente
745 1834 909 1897 foramine
925 1835 1043 1916 longas

220 1944 404 2008 eiaculatur
420 1964 533 2026 aquas
550 1954 650 2026 atque
667 1945 786 2008 ictibus
802 1966 879 2009 aera
895 1948 1027 2029 rumpit.

219 2056 367 2121 Arborei
382 2058 472 2120 fetus
487 2057 665 2139 aspergine
681 2057 792 2121 caedis
808 2058 840 2120 in
859 2067 964 2122 atram

166 2194 201 2243 70
220 2180 397 2234 vertuntur
413 2170 544 2246 faciem,
560 2171 815 2253 madefactaque
826 2150 995 2252 sanguine
1011 2171 1104 2234 radix

208 2262 366 2365 'puniceo
381 2283 503 2364 tinguit
519 2282 699 2364 pendentia
715 2303 807 2345 mora
823 2283 941 2346 colore.
975 2317 976 2320 κ
999 2341 1000 2344 ,

268 2397 358 2459 Ecce
374 2406 464 2459 metu
480 2396 628 2458 nondum
646 2395 763 2476 posit0,
781 2415 824 2457 ne
840 2396 936 2458 fallat
952 2405 1130 2472 amantem,
1202 2411 1294 2457 Thisbe

222 2507 280 2570 illa
295 2507 389 2583 redit,
406 2509 627 2589 iuvenemque
643 2507 747 2570 oculis
764 2508 940 2588 animoque
956 2507 1101 2590 requirit,
1201 2489 1301 2533 “²¹¹¹''

224 2630 416 2702 quantaque
431 2620 543 2683 vitarit
559 2639 693 2682 narrare
711 2619 858 2700 pericula
873 2619 982 2700 gestit.

172 2748 204 2800 75
225 2734 341 2814 thue
357 2732 465 2795 locum
482 2741 516 2795 et
531 2733 602 2795 visa
618 2731 790 2813 cognoscit
805 2731 838 2793 in
855 2730 972 2794 arbore
989 2732 1141 2808 formam,

225 2845 272 2906 sic
289 2843 370 2906 facit
385 2844 545 2907 incertam
563 2844 652 2925 pomi
669 2844 778 2918 color;
803 2844 918 2906 haeret
934 2863 976 2905 an
994 2844 1074 2906 haec
1092 2844 1142 2907 sit.

227 2957 318 3019 Dum
335 2955 473 3031 dubitat,
490 2955 710 3019 tremebunda
725 2955 816 3018 videt
832 2956 966 3036 pulsare
982 2965 1155 3018 cruentum

226 3067 376 3130 membra
392 3069 507 3143 solum,
526 3078 679 3150 retroque
696 3045 916 3149 pedemtulit,
934 3087 1057 3149 oraque
1073 3067 1161 3130 buxo

227 3181 400 3260 pallidiora
416 3201 536 3262 gerens
553 3180 722 3243 exhorruit
738 3180 891 3262 aequoris
908 3179 1020 3253 instar,

176 3304 207 3353 80
228 3293 317 3373 quod
333 3295 444 3355 tremit
460 3293 580 3374 exigua
596 3312 672 3354 cum
689 3312 853 3354 summum
873 3291 1045 3372 stringitur
1062 3310 1151 3353 aura.

273 3405 340 3469 Sed
356 3415 533 3487 postquam
549 3414 714 3467 remorata
730 3425 807 3467 suos
824 3404 980 3485 cognovit
996 3423 1135 3479 amores,

229 3517 373 3598 percutit
387 3517 542 3599 indignos
559 3517 646 3579 claro
663 3517 824 3597 plangore
840 3516 990 3590 lacertos,

204 3695 208 3702 ,
230 3639 263 3691 et
279 3629 403 3691 laniata
418 3649 530 3692 comas
547 3629 766 3711 amplexaque
783 3648 904 3708 corpus
921 3637 1068 3689 amatum

229 3742 368 3803 vulnera
385 3741 551 3822 supplevit
566 3740 710 3803 lacrimis
726 3739 907 3820 fletumque
923 3739 1032 3801 cruori

395 3873 413 3908 E
