2996 4368
452 332 659 391 PENELOPE
689 333 748 390 TO
780 332 944 390 ULYSSES
1117 339 1182 409 117

176 529 207 582 35
236 514 361 579 Omnia
376 535 520 598 namque
536 527 594 579 tuo
609 515 720 580 senior
736 526 769 579 te
786 534 950 604 quaerere¹
963 514 1064 578 misso

281 628 453 692 rettulerat
469 638 547 692 nato
565 630 698 704 Nestor,
715 637 749 691 at
765 628 819 691 ille
836 627 924 690 mihi

238 737 379 800 Rettulit
393 746 428 801 et
442 737 531 801 ferro
548 739 766 820 Rhesumque
784 738 981 820 Dolonaque
997 758 1121 815 caesos,

280 858 381 931 utque
398 848 440 912 sit
456 849 508 913 hic
525 871 642 914 somno
658 850 818 933 proditus,
835 850 890 914 ille
906 851 992 915 dolo.

237 962 352 1024 Ausus
367 981 413 1038 es,
431 961 463 1026 Ο
479 964 617 1025 nimium
633 962 838 1045 nimiumque
854 963 954 1027 oblite
970 974 1111 1040 tuorum,
1201 957 1322 1080 gfff

179 1099 211 1146 40
242 1087 246 1095 ·
280 1074 424 1137 Thracia
439 1084 602 1139 nocturno
618 1086 756 1158 tangere
771 1084 881 1140 castra
895 1075 972 1139 dolo
1278 1045 1295 1094 ἰ

237 1195 351 1268 totque
368 1185 465 1250 simul
481 1197 627 1252 mactare
642 1187 739 1264 viros,
757 1188 889 1252 adiutus
905 1187 947 1251 ab
964 1208 1039 1251 uno.

282 1299 331 1361 At
345 1298 430 1362 bene
446 1311 564 1364 cautus
579 1320 653 1364 eras
670 1309 703 1364 et
719 1310 938 1364 memorante
955 1300 1042 1363 mei?

239 1411 356 1493 Usque
372 1422 463 1476 metu
479 1414 623 1477 micuere
639 1412 740 1488 sinus,
757 1413 836 1476 dum
852 1413 957 1476 victor
972 1412 1114 1475 amicum

281 1523 389 1586 dictus
405 1543 442 1587 es
460 1525 607 1588 Ismariis
623 1525 688 1589 isse
705 1546 766 1608 per
780 1545 902 1607 agmen
918 1523 1020 1607 equis.

178 1657 210 1709 45
239 1635 306 1700 Sed
323 1635 403 1698 mihi
418 1637 498 1719 quid
515 1638 651 1720 prodest
666 1639 786 1702 vestris
802 1638 939 1701 disiecta
955 1636 1087 1700 lacertis

284 1748 372 1825 Ilios
389 1759 423 1812 et
439 1770 553 1813 murus
569 1751 658 1833 quod
673 1751 737 1814 fuit
753 1769 827 1813 esse
844 1750 961 1825 solum,

239 1860 267 1923 si
282 1880 401 1925 maneo
417 1862 525 1944 qualis
540 1863 641 1926 Troia
656 1863 797 1926 durante
813 1861 998 1937 manebam,

281 1975 397 2055 virque
413 1973 494 2036 mihi
509 1974 645 2057 dempto
662 1975 728 2038 fine
745 1974 909 2038 carendus
926 1972 1043 2037 abest?

239 2085 361 2149 Diruta
376 2096 454 2150 sunt
470 2086 552 2163 aliis,
570 2088 627 2150 uni
644 2087 724 2150 mihi
741 2089 903 2168 Pergama
920 2094 1056 2161 restant,

181 2224 212 2276 50
282 2199 390 2262 incola
405 2200 538 2282 captivo
553 2219 639 2282 quae
654 2198 739 2264 bove
754 2201 858 2263 victor
874 2207 954 2261 arat.

240 2311 310 2374 lam
328 2331 425 2395 seges
441 2322 493 2376 est
509 2310 565 2374 ubi
580 2312 681 2375 Troia
696 2312 770 2387 fuit,
786 2311 1034 2392 resecandaque
1049 2308 1137 2371 falce

284 2423 425 2487 luxuriat
441 2422 588 2508 Phrygio
605 2424 766 2505 sanguine
784 2423 917 2504 pinguis
933 2424 1072 2497 humus;

239 2535 454 2619 semisepulta
469 2537 576 2600 virum
593 2536 701 2600 curvis
718 2535 883 2598 feriuntur
898 2534 1015 2597 aratris

283 2668 367 2725 ossa,
384 2648 537 2713 ruinosas
554 2649 674 2713 occulit
690 2646 794 2712 herba
809 2647 935 2711 domos.

181 2786 211 2839 55
239 2760 354 2824 Victor
369 2760 460 2837 abes,
476 2781 539 2825 nec
555 2761 639 2826 scire
656 2761 736 2822 mihi
752 2779 837 2841 quae
853 2779 954 2823 causa
970 2756 1120 2823 morandi

283 2873 388 2936 autin
405 2895 471 2957 quo
487 2875 591 2939 lateas
608 2874 737 2937 ferreus
756 2871 835 2936 orbe
852 2871 936 2934 licet.

241 2984 400 3069 Quisquis
416 2987 459 3049 ad
475 2987 557 3050 haec
569 2985 667 3050 vertit
684 2985 895 3068 peregrinam
911 2982 1006 3045 litora
1023 2981 1171 3064 puppim,
1205 2991 1327 3050 Penelope

284 3097 338 3161 ille
355 3099 435 3161 mihi
451 3099 492 3162 de
508 3108 541 3161 te
557 3098 661 3160 multa
676 3107 813 3179 rogatus
829 3095 916 3169 abit3
1205 3068 1328 3200 ἓξὲξ,

241 3229 407 3291 quamque
423 3209 483 3273 tibi
498 3209 624 3285 reddat,
642 3211 669 3272 si
686 3219 718 3273 te
734 3209 833 3272 modo
849 3206 968 3270 viderit
984 3223 1134 3286 usquam,

189 3327 223 3373 60
285 3321 425 3384 traditur
441 3321 516 3385 huic
533 3320 644 3402 digitis
660 3321 775 3384 charta
791 3328 913 3382 novata
929 3315 1020 3380 meis.

243 3433 314 3495 Nos
331 3433 445 3518 Pylon,
463 3433 590 3516 antiqui
607 3434 726 3496 Nelela
743 3430 894 3494 Nestoris
911 3449 999 3504 arva,

285 3545 452 3622 misimus;
477 3545 602 3608 incerta
618 3554 670 3608 est
685 3545 776 3606 fama
792 3543 930 3606 remissa
949 3540 1039 3625 Pylo.

243 3657 397 3729 Misimus
413 3668 446 3720 et
463 3658 625 3738 Sparten;
652 3658 772 3737 Sparte
790 3673 921 3736 quoque
939 3653 1051 3715 nescia
1067 3649 1144 3714 veri.

287 3768 380 3850 Quas
398 3769 528 3832 habitas
545 3780 658 3844 terraS,
676 3778 733 3830 aut
750 3766 806 3829 ubi
822 3767 930 3829 lentus
947 3763 1050 3826 abes?
