944 1275
168 394 207 406 'labo

168 412 215 425 lofin}

261 175 285 194 70
364 172 491 188 SBLECTIONS
506 172 565 188 FROM
580 172 633 188 ovm

261 225 303 240 quae
312 220 361 236 modo
370 219 428 236 Latois
436 220 516 240 populum
525 219 632 235 submoverat
640 219 674 235 aris

260 250 277 264 et
285 248 356 264 rnediarn
365 248 426 264 tulerat
433 253 501 268 gressus
510 247 588 268 resupina
596 252 626 268 per
634 247 697 266 urbern,
748 254 772 267 ¹3⁰

261 276 342 291 invidiosa
350 275 388 294 suis,
397 278 414 291 at
422 280 467 291 nunc
475 275 570 291 miseranda
577 275 604 291 vel
612 275 665 291 hosti!

261 304 363 324 Corporibus
371 303 430 324 gelidis
438 303 519 319 incumbit
526 305 543 319 et
551 303 609 319 ordine
617 303 663 319 nullo

260 332 317 348 oscula
325 332 412 352 dispensat
420 334 468 347 natos
476 336 554 351 suprema
563 336 593 352 per
601 331 660 347 omnis.

261 360 277 376 A
286 359 346 381 quibus
353 358 374 376 ad
382 360 446 376 caelum
456 359 523 375 liventia
531 359 610 375 bracchia
617 359 683 378 tollens,

261 390 270 396 ‘¹
278 388 352 407 Pascere,
361 387 438 407 erudelis,
447 390 509 406 nostro,
519 388 589 406 Latona,
598 387 665 406 dolore;
749 392 772 406 ¹³⁵

261 416 345 437 pascere,¹'
354 416 381 435 ait,
391 417 400 424 ‘¹
406 416 481 436 satiaque
490 420 527 431 rneo
535 418 564 431 tua
572 418 640 436 pectora
648 415 704 431 iuctu!

262 444 337 463 Efferor;
349 444 418 463 exsulta,
427 443 519 464 victrixque
527 443 594 459 inimica
602 443 692 464 triumpha.

261 472 295 488 Cur
303 474 358 488 autem
367 471 437 487 victrix?
462 472 535 487 Miserae
543 471 584 487 mihi
592 471 641 492 plura
649 473 741 492 supersunt

261 505 311 521 quam
320 499 349 516 tibi
357 500 406 516 felici.
432 500 471 516 Post
479 502 503 516 tot
512 505 578 520 quoque
587 499 647 515 funera
656 499 721 515 vinco.”

286 887 359 907 Dixerat,
368 890 385 904 et
393 888 448 904 sonuit
456 890 536 904 contento
544 892 606 904 nervus
614 888 636 904 ab
642 893 686 907 arcu.
751 896 775 908 ιω

263 915 292 937 qui
300 919 365 936 praeter
374 916 441 932 Nioben
449 921 500 931 unam
509 916 599 932 conterruit
607 917 666 932 omnis.

264 943 295 959 Illa
304 944 347 960 malo
355 946 381 960 est
389 944 448 960 audax.
472 944 543 960 Stabant
551 949 589 960 curn
597 944 672 960 vestibus
679 944 720 961 atr-in

263 974 302 987 ante
310 974 355 987 toros
363 972 433 987 fratrum
441 971 514 988 demisso
522 972 567 988 crine
576 977 645 988 sorores.

265 1000 279 1015 E
287 999 347 1020 quibus
355 1005 389 1015 una
397 1000 465 1016 trahens
474 1000 560 1016 haerentia
568 1000 632 1016 viscere
640 1000 674 1016 tela

264 1027 342 1048 imposito
350 1027 397 1043 (ratri
406 1027 505 1043 moribunda
513 1028 596 1048 relanguit
604 1033 642 1047 ore;
751 1035 774 1049 ¹⁴⁵
