2996 4368
354 318 442 375 THE
470 319 726 378 VENGEANCE
756 321 809 378 OF
838 321 984 379 NESSUS
1101 329 1143 418 87

199 527 284 581 serta
299 537 402 600 super
416 539 534 595 ramos,
551 540 747 603 ponensque
757 505 908 585 'recentia
923 520 1008 585 dixi:

151 662 190 698 loo
201 635 217 662 ‘⁴
228 631 315 696 Cura
327 631 428 694 deum
440 631 474 694 di
486 631 561 708 sint,
577 642 611 696 et
627 632 684 715 qui
696 633 826 697 coluere
839 633 1020 698 colantur.”

600 833 738 860 -000—

199 991 325 1064 XVII.
358 991 478 1063 THE
501 991 839 1066 VENGEANCE
860 995 929 1066 OF
951 994 1147 1068 NESSUS

239 1185 286 1248 At
302 1196 345 1261 te,
365 1186 473 1249 Nesse
489 1187 593 1261 ferox,
611 1185 759 1250 eiusdem
775 1187 913 1269 virginis
929 1188 1027 1251 ardor

199 1297 387 1378 perdiderat
401 1298 527 1362 volucri
541 1298 715 1362 traiectum
732 1308 826 1381 terga
843 1299 974 1381 sagitta.

200 1410 351 1491 Namque
368 1430 455 1472 nova
470 1419 626 1491 repetens
643 1410 767 1492 patrios
783 1431 859 1475 cum
875 1412 1018 1493 coniuge
1034 1432 1146 1475 muros

198 1531 331 1584 venerat
348 1521 458 1584 Eueni
473 1521 607 1604 rapidas
624 1523 705 1586 Iove
721 1533 820 1587 natus
836 1524 879 1587 ad
895 1525 1012 1587 undas.

161 1648 174 1700 5
200 1633 341 1697 Uberior
355 1633 461 1710 solito,
478 1634 599 1697 nimbis
616 1635 812 1698 hiemalibus
829 1644 955 1711 auctus,

198 1745 438 1828 verticibusque
454 1746 614 1827 frequens
630 1756 701 1809 erat
716 1757 815 1830 atque
831 1747 1011 1829 impervius
1027 1749 1143 1813 amnis.

200 1857 404 1944 Intrepidum
421 1878 481 1939 pro
497 1878 542 1934 se,
560 1878 673 1922 curam
689 1859 732 1922 de
748 1859 888 1941 coniuge
904 1870 1060 1941 agentem
1163 1879 1262 1927 nessus

200 1970 325 2033 Nessus
341 1970 410 2033 adit
426 1970 649 2053 membrisque
661 1972 775 2034 valens
791 1971 959 2053 scitusque
972 1973 1143 2050 vadorum,
1161 1955 1279 2088 {2¹1⁸AE

200 2081 345 2146 “Officio
357 2082 375 2107 ''
392 2102 457 2164 que
475 2087 579 2146 “meo
595 2084 668 2165 ripa
683 2082 817 2146 sistetur
832 2083 865 2146 in
882 2084 938 2146 illa
1164 2114 1250 2150 actm

151 2223 175 2258 ιο
199 2194 309 2270 haec,''
323 2194 378 2270 ait,
397 2200 415 2227 “
426 2194 564 2270 Alcide;
589 2204 625 2258 tu
640 2194 764 2258 viribus
780 2205 872 2259 utere
888 2197 1030 2260 nand0.”
1162 2175 1264 2226 E'⁰¹²¹¹⁸

200 2307 445 2389 Pallentemque
458 2316 549 2370 metu
561 2307 763 2389 fluviumque
780 2307 955 2390 ipsumque
971 2311 1143 2372 timentem

197 2418 330 2482 tradidit
344 2419 476 2482 Aonius
492 2418 647 2500 pavidam
666 2419 873 2504 Calydonida
892 2421 1009 2483 Nesso.

241 2531 329 2606 Mox,
342 2540 379 2593 ut
394 2541 475 2606 erat,
489 2531 712 2613 pharetraque
728 2531 839 2613 gravis
852 2532 1023 2614 spolioque
1039 2531 1144 2596 leonis

197 2637 288 2726 (nam
304 2643 432 2706 clavam
448 2653 482 2706 et
497 2663 616 2706 curvos
631 2652 723 2706 trans
738 2643 844 2725 ripam
862 2643 996 2706 miserat
1011 2645 1132 2727 arcus),

149 2777 174 2829 ¹5
199 2755 506 2837 “Quandoquidem
522 2755 625 2837 coepi,
644 2764 843 2836 superentur
858 2754 1024 2830 flumina,’'
1042 2755 1130 2818 dixit.

199 2867 269 2930 Nec
285 2866 414 2930 dubitat
430 2887 491 2931 nec
507 2887 573 2949 qua
589 2867 631 2930 sit
648 2865 924 2930 clementissimus
940 2868 1046 2929 amnis

198 2979 332 3060 quaerit,
350 2988 383 3042 et
399 2977 558 3061 obsequio
574 2977 698 3042 deferri
714 2978 841 3060 spernit
856 2998 1025 3060 aquarum.

198 3090 336 3173 Iamque
351 3101 469 3155 tenens
485 3092 602 3173 ripam,
619 3090 738 3153 missos
754 3111 829 3153 curn
846 3090 975 3153 tolleret
991 3110 1096 3166 arcuS,
1160 3101 1197 3147 ne

198 3202 346 3285 coniugis
363 3203 499 3285 agnovit
514 3223 648 3279 vocem;
675 3203 850 3284 Nessoque
867 3202 999 3284 paranti
1160 3187 1281 3298 mg„

148 3339 174 3376 zo
197 3315 312 3378 fallere
328 3315 525 3396 depositum,
551 3316 657 3397 “Quo
670 3325 707 3378 te
723 3314 873 3390 fiducia,”
892 3315 1022 3391 clamat,

200 3431 311 3490 “vana
325 3428 457 3508 pedum,
468 3427 623 3502 violente,
635 3425 741 3508 rapit?
765 3426 849 3502 Tibi,
864 3427 971 3490 Nesse
981 3426 1142 3502 biformis

198 3538 344 3602 dicimus.
393 3539 531 3614 Exaudi,
549 3558 611 3600 nec
627 3559 679 3602 res
695 3538 855 3619 intercipe
872 3548 1017 3602 nostras*

199 3651 300 3714 Haud
315 3661 428 3714 tamen
443 3650 595 3732 effugies,
613 3649 763 3732 quamvis
780 3670 843 3732 ope
861 3649 933 3712 fidis
951 3651 1080 3732 equina.

195 3763 352 3840 Vulnere,
366 3784 433 3826 non
450 3763 590 3846 pedibus
606 3772 640 3826 te
656 3761 871 3844 consequar.''
912 3761 1039 3827 Ultima
1056 3763 1144 3825 dicta
