2996 4368
344 316 391 402 84
549 326 801 384 SELECTIONS
830 327 949 384 FROM
979 325 1084 385 OVID

341 508 401 571 sed
417 508 472 590 pia
490 509 611 572 Baucis
627 529 710 573 anus
727 510 890 593 parilique
906 519 1016 574 aetate
1034 509 1205 574 Philemon

339 621 397 684 illa
413 631 490 684 sunt
506 624 602 685 annis
619 622 721 686 iuncti
737 623 955 698 iuvenalibus,
971 623 1027 686 illa

339 753 544 798 consenuere
560 754 647 798 casa.
695 737 995 818 Paupertatemque
1011 736 1150 799 latendo

340 845 484 909 effecere
500 847 607 910 levem
624 867 686 911 nec
702 847 815 930 iniqua
831 856 941 911 mente
958 848 1106 911 ferendo.

342 959 414 1021 Nec
431 959 542 1034 refert,
560 959 712 1023 dominos
728 960 794 1023 illie
810 960 999 1024 famulosne
1015 961 1183 1042 requiras3

339 1080 410 1134 tota
425 1071 544 1134 domus
560 1071 626 1134 duo
642 1081 729 1147 sunt,
746 1073 835 1162 idem
851 1082 1036 1155 parentque
1052 1072 1242 1156 iubeatque.

341 1183 433 1265 Ergo
449 1183 506 1246 ubi
521 1184 698 1248 caelicolae
713 1206 834 1267 parvos
850 1185 990 1266 tetigere
1007 1187 1140 1249 Penatis

340 1295 570 1379 submissoque
585 1296 719 1359 humilis
735 1296 899 1360 intrarunt
913 1299 1036 1360 vertice
1053 1299 1165 1379 postis,

147 1410 222 1456 leir
339 1408 489 1471 membra
505 1429 607 1473 senex
622 1410 730 1491 posito
746 1409 842 1472 iussit
858 1409 1005 1473 relevare
1022 1409 1126 1486 sedili,

147 1485 282 1618 ffliflon
339 1541 405 1602 quo
422 1541 522 1603 super
538 1521 651 1585 iniecit
667 1531 792 1585 textum
809 1521 891 1584 rude
908 1520 1024 1584 sedula
1040 1520 1170 1583 Baucis.

341 1632 425 1695 Inde
440 1632 517 1695 foco
533 1631 683 1714 tepidum
699 1629 843 1693 cinerem
860 1628 1006 1702 dimovit,
1023 1637 1057 1691 et
1071 1627 1159 1710 ignis

340 1743 477 1807 suscitat
493 1745 666 1807 hesternos
681 1742 836 1824 foliisque
852 1751 885 1805 et
901 1743 1023 1804 cortice
1038 1742 1126 1803 sicco

339 1857 452 1931 nutrit,
468 1865 502 1919 et
517 1856 560 1919 ad
576 1855 726 1918 flammas
742 1856 854 1916 anima
870 1853 1022 1935 producit
1038 1852 1136 1927 anili余

340 1968 587 2050 multifidasque
602 1967 694 2030 faces
711 1967 915 2057 ramaliaque
930 1964 1023 2028 arida
1037 1973 1126 2028 tecto
1162 2029 1165 2035 ,

339 2079 467 2154 detulit,
484 2089 517 2142 et
533 2079 650 2141 minuit
666 2097 835 2161 parvoque
851 2077 999 2141 admovit
1014 2083 1107 2139 aeno.

341 2191 505 2273 Quodque
522 2212 601 2254 suus
617 2191 760 2254 coniunx
775 2190 870 2272 riguo
886 2190 1078 2270 conlegerat
1094 2189 1200 2264 hort0,

337 2311 470 2364 truncat
486 2302 582 2364 holus
598 2301 696 2365 foliis.
744 2303 853 2366 Furca
869 2303 957 2366 levat
973 2303 1028 2366 ille
1044 2303 1172 2367 bicorni

340 2414 473 2477 sordida
489 2423 584 2494 terga
600 2413 668 2476 suis
685 2413 781 2494 nigro
798 2412 978 2494 pendentia
993 2412 1104 2492 tigno余

341 2535 538 2608 servatoque
553 2526 609 2589 diu
625 2535 752 2589 resecat
769 2525 810 2588 de
826 2535 959 2606 tergore
975 2533 1103 2606 partem

340 2638 503 2720 exiguam,
521 2647 712 2720 sectamque
728 2638 842 2700 domat
856 2637 1063 2700 ferventibus
1079 2636 1186 2699 undis

386 2752 519 2813 Interea
535 2749 661 2813 medias
677 2750 799 2812 fallunt
815 2749 1022 2812 sermonibus
1037 2750 1146 2825 horas,

341 2862 598 2944 concutiuntque
614 2871 722 2925 torum
738 2862 780 2925 de
797 2862 887 2924 molli
903 2861 1047 2927 fluminis
1063 2861 1140 2924 ulva

341 2974 531 3056 impositum
548 2974 633 3037 lecto
650 2974 779 3056 sponda
795 2973 1002 3056 pedibusque
1018 2972 1164 3054 salignis.

340 3087 500 3150 Vestibus
516 3088 603 3149 hunc
620 3087 742 3161 velant,
761 3106 843 3168 quas
859 3105 927 3148 non
943 3084 1007 3148 nisi
1022 3095 1173 3166 tempore
1188 3085 1276 3149 festo

341 3208 489 3264 sternere
505 3207 723 3273 consuerant余
748 3198 807 3261 sed
823 3207 855 3261 et
872 3199 954 3261 haec
972 3197 1112 3280 vilisque
1127 3207 1292 3281 vetusque

340 3311 442 3374 vestis
458 3320 538 3386 erat,
556 3311 641 3374 lecto
658 3331 725 3373 non
741 3310 946 3391 indignanda
962 3310 1100 3391 saligno.
1320 3316 1352 3370 35

385 3423 583 3487 Accubuere
604 3423 666 3486 dei.
715 3424 869 3485 Mensam
891 3424 1060 3485 succincta
1077 3431 1292 3505 tremensque

342 3537 436 3616 ponit
451 3555 544 3597 anus.
592 3532 731 3597 Mensae
747 3535 805 3598 sed
821 3544 892 3598 erat
908 3554 969 3616 pes
984 3534 1101 3598 tertius
1116 3536 1242 3616 impar余

341 3657 427 3711 testa
443 3667 559 3729 parem
575 3648 663 3711 fecit.
712 3648 807 3729 Quae
827 3656 1004 3729 postquam
1022 3647 1154 3711 subdita
1169 3647 1291 3711 clivum

341 3761 481 3834 sustulit,
496 3769 671 3841 aequatam
688 3769 820 3823 mentae
836 3769 960 3823 tersere
975 3760 1129 3823 virentes.
1203 3795 1205 3799 ,
