2996 4368
326 317 393 386 166
524 328 774 387 sunncrrous
804 330 922 387 raom
953 328 1057 388 ovio
1153 314 1157 321 '

366 512 410 576 Et
425 513 491 576 iam
508 513 677 577 stellarum
694 514 834 578 sublime
847 523 1003 596 coegerat
1018 534 1139 595 agmen

323 625 459 688 Lucifer
475 627 680 702 undecimus
699 626 813 711 Lydos
829 647 905 691 cum
921 627 1028 689 laetus
1041 627 1075 689 in
1091 646 1190 708 agros

322 757 380 800 rex
394 737 486 802 venit
502 748 535 801 et
550 739 662 802 iuveni
679 739 828 802 Silenum
844 739 952 802 reddit
969 740 1112 802 alumno.
1301 761 1332 813 15

324 851 414 913 Huic
430 852 512 914 deus
527 851 666 933 optandi
681 860 822 933 gratum,
835 851 894 914 sed
910 851 1033 926 inutile,
1052 852 1132 914 fecit

321 963 467 1026 muneris
483 963 662 1040 arbitrium,
680 964 831 1045 gaudens
847 964 951 1026 altore
966 972 1109 1044 recepto.

323 1074 382 1138 Ille
398 1076 484 1138 male
500 1096 619 1138 usurus
636 1077 731 1138 donis
751 1075 805 1151 ait,
825 1075 956 1138 “Effice
972 1075 1129 1158 quicquid

320 1206 458 1269 corpore
475 1187 645 1268 contigero
661 1188 790 1250 fulvum
806 1197 955 1250 vertatur
970 1188 1005 1250 in
1021 1188 1170 1250 aurum.”

319 1299 449 1362 Adnuit
465 1302 588 1382 optatis
604 1279 821 1382 nocituraque
837 1321 976 1363 munera
993 1300 1089 1363 solvit
1299 1325 1332 1361 20

321 1410 429 1488 Liber,
443 1421 476 1475 et
492 1412 633 1475 indoluit
650 1413 739 1494 quod
755 1433 823 1475 non
839 1413 974 1475 meliora
991 1413 1136 1493 petisset.

364 1524 488 1586 Laetus
505 1523 573 1587 abit
589 1524 779 1606 gaudetque
795 1525 883 1587 malo
901 1524 1119 1608 Berecyntius
1136 1525 1243 1599 heros,

319 1635 520 1717 pollicitique
537 1636 635 1698 fidem
652 1637 822 1726 tangendo
838 1638 970 1717 singula
986 1645 1137 1718 temptat.

318 1747 448 1828 Vixque
465 1747 527 1810 sibi
542 1748 691 1824 credens,
709 1769 776 1811 non
793 1749 860 1811 alta
873 1749 993 1811 fronde
1009 1748 1170 1811 virentem

317 1858 391 1921 ilice
407 1860 548 1922 detraxit
563 1860 709 1941 virgam;
735 1859 830 1942 virga
845 1881 946 1924 aurea
962 1861 1051 1923 iacta
1069 1870 1127 1923 est.
1299 1882 1313 1916 2
1317 1882 1331 1934 5

317 1971 418 2034 Tollit
434 1972 536 2034 humo
548 1992 662 2034 saxum
677 1993 684 2048 3
709 1993 824 2035 saxum
842 1993 974 2055 quoque
991 1972 1107 2054 palluit
1123 1992 1212 2035 auro.

318 2083 466 2164 Contigit
482 2093 515 2146 et
531 2085 703 2164 glaebam;
728 2093 885 2148 contactu
899 2085 1019 2166 glaeba
1034 2084 1162 2166 potenti
1265 2146 1266 2149 ,

287 2273 289 2278 Ι
317 2215 427 2258 massa
443 2196 487 2258 fit.
534 2196 671 2260 Arentis
688 2197 818 2260 Cereris
834 2198 1001 2278 decerpsit
1016 2197 1151 2272 aristas;

317 2327 418 2370 aurea
433 2308 550 2371 messis
562 2317 643 2378 erat.
678 2311 862 2390 Demptum
874 2318 969 2372 tenet
983 2309 1099 2372 arbore
1112 2328 1248 2390 pomum
1260 2328 1277 2384 ;-

319 2419 525 2502 Hesperidas
538 2422 681 2484 donasse
698 2431 804 2503 putes.
853 2422 889 2485 Si
905 2422 1056 2503 postibus
1072 2420 1148 2483 altis
1297 2446 1330 2495 30

317 2532 463 2595 admovit
479 2532 609 2614 digitos,
628 2543 741 2614 postes
758 2534 886 2596 radiare
902 2534 1066 2597 videntur.

318 2643 379 2707 Ille
395 2644 494 2707 etiam
512 2645 644 2726 liquidis
662 2645 790 2726 palmas
807 2645 864 2708 ubi
881 2647 1006 2709 laverat
1018 2646 1126 2721 undis

316 2757 407 2820 unda
423 2757 529 2821 fluens
546 2759 665 2840 palmis
683 2761 827 2822 Danaen
844 2759 978 2822 eludere
995 2769 1118 2841 posset.

359 2869 425 2934 Vix
440 2890 517 2951 spes
529 2857 601 2953 ipse
617 2892 695 2935 suas
711 2872 821 2935 animo
838 2872 935 2953 capit,
953 2892 1055 2934 aurea
1070 2872 1201 2953 fingens

316 2983 435 3044 omnia.
483 2982 650 3046 Gaudenti
666 3004 799 3047 mensas
816 3004 957 3066 posuere
973 2985 1114 3046 ministri
1294 3003 1328 3054 35

316 3103 500 3157 exstructas
517 3095 658 3176 dapibus
674 3115 736 3158 nec
752 3104 860 3159 tostae
877 3096 984 3176 frugis
1000 3095 1137 3177 egentis.
1194 3164 1197 3170 ,

316 3206 403 3268 Tum
419 3226 497 3269 vero
510 3207 579 3269 sive
595 3206 649 3269 ille
662 3228 723 3270 sua
740 3207 890 3271 Cerealia
906 3209 1022 3270 dextra

359 3384 396 3434 13.
414 3376 556 3434 coegerat
567 3385 690 3435 agmen:
707 3374 762 3421 had
767 3373 870 3436 brought
879 3381 913 3437 up
922 3374 960 3422 the
969 3373 1084 3432 rear,i.e.
1096 3373 1140 3423 the
1148 3373 1264 3423 eleventb
1307 3393 1309 3398 ·

315 3455 363 3516 day
380 3470 431 3503 was
451 3435 575 3516 dawnlng.
613 3469 649 3518 17.
667 3456 843 3505 arb1trium:
864 3456 1160 3519 privilegc.-altore:
1173 3457 1264 3521 foster-

315 3537 410 3601 satlccr.
454 3550 493 3598 24.
522 3537 602 3586 alta:
631 3538 690 3586 with
721 3539 786 3596 ilice,
810 3538 1154 3588 heimbak—virentem:
1177 3555 1263 3603 green.

315 3618 353 3668 28.
372 3632 487 3669 maana:
506 3621 577 3683 lump
592 3619 635 3684 (ol
648 3620 914 3683 gold).—Arentis:
932 3621 1050 3685 parched
1085 3634 1124 3684 30.
1148 3621 1263 3682 Hespe-

313 3702 413 3750 ridas:
431 3701 488 3750 who
506 3702 619 3764 guarded
636 3701 680 3750 the
699 3703 792 3765 golden
810 3703 905 3766 apples.
946 3716 986 3765 33.
1005 3704 1140 3753 eludere:
1162 3704 1263 3752 deceive.

315 3784 354 3846 36.
369 3787 472 3833 tostae
484 3802 490 3832 ι
504 3784 623 3847 parched.
632 3785 802 3847 -egentlsi
821 3786 927 3848 lacking.
