2996 4368
437 326 524 384 THE
554 327 730 385 LAMENT
760 327 813 386 OF
842 328 1010 387 HECUBA
1125 339 1187 410 171

242 530 447 592 purpureum
463 510 559 574 viridi
574 512 691 593 genuit
705 512 747 575 de
763 511 909 594 caespite
925 513 1050 588 florem,

182 649 212 702 ¹5
242 622 300 705 qui
316 623 407 704 prius
424 623 564 688 Oebalio
580 624 691 687 fuerat
706 624 748 688 de
771 624 907 688 vulnere
923 635 1030 688 natus.

244 735 371 799 Littera
381 736 566 799 communis
582 736 699 800 mediis
715 757 885 819 pueroque
902 737 1039 820 viroque

240 849 402 930 inscripta
417 858 468 912 est
480 848 576 925 foliis,
594 848 678 912 haec
694 848 847 925 nominis,
865 849 921 912 illa
937 850 1101 932 querelae.

648 1066 784 1093 -οοο-

253 1230 396 1301 XLIV.
433 1230 552 1302 THE
583 1231 823 1302 LAMENT
851 1232 922 1303 OF
951 1232 1179 1304 HECUBA

286 1411 384 1486 Nata,
409 1420 486 1474 tuae
509 1409 604 1493 (quid
630 1411 719 1475 enirn
747 1422 899 1494 superest
911 1411 938 1496 ?)
960 1413 1053 1475 dolor
1076 1413 1189 1477 ultime
1206 1417 1307 1465 aecum

415 1524 421 1536 .
1206 1492 1325 1539 hemona

327 1532 450 1598 matus*
1207 1565 1362 1626 Polyxena'a

239 1644 328 1709 nata,
345 1636 452 1708 iaces;
476 1635 640 1718 videoque
656 1645 759 1712 tuum,
777 1656 852 1699 mea
867 1635 1014 1711 vulnera,
1032 1638 1162 1700 vulnus.
1207 1640 1273 1686 ΜΘ

240 1746 304 1821 En,
321 1766 363 1808 ne
386 1746 587 1829 perdiderim
603 1767 805 1829 quemquam
823 1748 894 1811 sine
911 1749 1012 1811 caede
1030 1769 1188 1826 meorum,

237 1866 275 1919 tu
292 1878 423 1940 quoque
438 1859 559 1921 vulnus
573 1858 684 1922 habes.
733 1860 782 1922 At
794 1869 835 1936 te,
850 1861 927 1941 quia
944 1861 1078 1936 femina,
1093 1861 1191 1923 rebar

194 1987 207 2038 5
238 1991 260 2031 a
275 1970 365 2033 ferro
380 1979 495 2033 tutam.
543 1971 698 2035 Cecidisti
715 1981 748 2035 et
764 1973 890 2034 femina
906 1973 1015 2049 ferr0;

238 2090 353 2164 totque
369 2092 444 2146 tuos
460 2082 547 2147 idem
564 2085 696 2160 fratres,
714 2093 747 2146 te
764 2084 907 2166 perdidit
923 2086 1020 2161 idern,

238 2194 373 2257 exitium
390 2196 510 2259 Troiae
528 2197 696 2278 nostrique
713 2197 855 2272 orbator,
871 2197 1031 2260 Achilles.

283 2307 332 2370 At
348 2317 524 2391 postquam
541 2308 660 2372 cecidit
678 2309 803 2373 Paridis
821 2309 1011 2390 Phoebique
1028 2310 1166 2391 sagittis,

240 2424 259 2451 “
271 2409 371 2482 Nunc
387 2421 594 2497 certe,''dixi,
610 2427 703 2484 “non
720 2432 771 2484 est
787 2422 986 2484 metuendus
1003 2422 1187 2485 Achilles.”

179 2559 209 2594 10
239 2533 340 2595 Nunc
354 2553 486 2616 quoque
498 2533 544 2596 mi
559 2535 758 2597 metuendus
771 2544 849 2596 erat.
880 2534 971 2598 Cinis
983 2534 1055 2616 ipse
1069 2534 1190 2616 sepulti

237 2645 273 2706 in
304 2665 410 2726 genus
442 2646 505 2708 hoc
544 2647 658 2722 saevit,
690 2647 819 2708 tumulo
857 2666 989 2728 quoque
1024 2648 1188 2709 sensimus

327 2758 466 2820 hostem.

239 2868 409 2932 Aeacidae
425 2870 570 2933 fecunda
586 2869 644 2932 fui.
694 2869 786 2932 Iacet
805 2870 889 2932 Ilion
905 2871 1034 2950 ingens,

130 3037 133 3042 .
237 2989 426 3062 eventuque
442 2980 537 3062 gravi
553 2981 645 3044 finita
660 2992 713 3045 est
728 2981 861 3063 publica
878 2981 997 3056 clades,

282 3214 318 3266 15.
336 3203 476 3253 Oebalio:
490 3203 529 3252 i.e.
543 3203 573 3251 ol
582 3203 748 3265 Hyacinthus,
760 3202 817 3251 who
828 3219 879 3250 was
892 3203 1055 3266 accidentally
1067 3204 1143 3252 killed
1156 3205 1188 3267 by

238 3284 338 3347 Apollo,
375 3286 412 3334 16.
429 3285 546 3336 Littera
566 3286 749 3335 communia:
767 3285 838 3333 these
856 3285 942 3334 letters
959 3301 1023 3334 were
1043 3285 1086 3333 the
1105 3287 1188 3334 Greek

238 3367 403 3415 exclamation
420 3369 493 3415 AIAI
506 3365 546 3432 (ul
557 3367 606 3432 al),
615 3368 658 3417 the
670 3368 809 3430 beginning
821 3368 850 3415 of
863 3367 906 3416 the
919 3384 992 3416 name
1010 3369 1039 3416 ol
1056 3368 1119 3431 Ajax
1138 3370 1188 3416 and

236 3449 281 3498 the
293 3450 387 3498 lament
399 3450 428 3498 oi
437 3450 601 3513 Hyacinthus.

181 3527 183 3531 ’
279 3532 372 3582 XLIV.
397 3533 504 3582 Hecuba
522 3534 629 3582 laments
648 3533 692 3583 the
711 3535 787 3583 death
807 3535 835 3582 of
854 3534 899 3582 her
918 3535 1042 3597 daughter
1055 3534 1187 3596 Polyxena,

236 3615 300 3663 slain
312 3622 338 3663 to
350 3631 459 3680 appease
470 3616 513 3665 the
525 3616 616 3665 shades
628 3617 658 3664 ol
665 3617 784 3666 Achilles.
805 3631 829 3677 4.
846 3618 949 3666 rebar:
968 3619 987 3665 I
994 3618 1051 3681 kept
1060 3617 1186 3680 thinking.

238 3710 261 3762 5.
279 3701 327 3748 et:
346 3699 469 3763 although.
493 3711 514 3763 7.
532 3700 673 3749 orbator:
692 3699 813 3747 bereaver.
840 3713 876 3748 ιο.
894 3701 949 3748 ml:
969 3689 1187 3749 nardi-Cim:

237 3781 313 3830 ashes.
358 3793 395 3830 12.
418 3781 587 3832 Aeacidae:
612 3783 717 3830 Achilli.
