2996 4368
413 309 633 370 PHILEMON
662 309 750 368 AND
781 311 925 370 BAUClS
1095 305 1114 372 8
1120 321 1139 396 ς

144 507 171 552 40
195 491 327 554 Ponitur
342 493 395 555 hic
412 492 536 556 bicolor
552 493 700 558 sincerae
716 493 799 557 baca
818 495 1000 570 Minervae,

193 604 389 686 conditaque
403 606 437 667 in
455 605 579 688 liquida
594 626 696 670 corna
711 607 916 670 autumnalia
931 608 1037 684 faece,

193 715 361 799 intibaque
376 727 409 780 et
424 717 518 780 radix
534 727 568 781 et
583 718 678 781 lactis
695 739 804 782 massa
819 719 934 796 coacti,

192 849 317 912 ovaque
333 850 400 892 non
417 832 485 893 acri
502 830 619 894 leviter
634 840 765 894 versata
782 832 906 908 favilla,

192 942 300 1004 omnia
315 941 479 1005 fictilibus.
528 944 607 1006 Post
622 944 705 1006 haec
720 943 868 1006 caelatus
883 945 1002 1008 eodem

141 1069 167 1122 45
193 1055 316 1117 sistitur
330 1064 470 1136 argento
486 1064 604 1132 crater,
621 1054 849 1137 fabricataque
865 1057 946 1138 fago

193 1166 317 1248 pocula,
335 1186 401 1249 qua
417 1187 499 1230 cava
516 1177 602 1243 sunt,
620 1167 818 1231 flaventibus
834 1167 927 1232 inlita
942 1170 1036 1233 ceris.

234 1279 339 1341 Parva
355 1299 447 1342 mora
464 1289 524 1355 est,
541 1280 724 1362 epulasque
741 1280 809 1343 foci
824 1282 943 1344 misere
958 1281 1107 1358 calentis,

191 1410 249 1454 nec
266 1392 386 1473 longae
403 1412 515 1455 rursus
531 1393 722 1456 referuntur
736 1391 815 1455 vina
830 1403 993 1468 senectae,

192 1503 335 1585 dantque
352 1505 461 1567 locum
477 1504 601 1567 mensis
617 1504 753 1587 paulum
771 1505 909 1568 seducta
926 1505 1089 1570 secundis.

144 1627 169 1678 50
194 1615 256 1678 Hic
272 1636 349 1692 nux,
366 1617 420 1679 hic
436 1615 538 1679 mixta
553 1625 605 1680 est
620 1615 750 1698 rugosis
766 1616 874 1680 carica
890 1617 1019 1698 palmis,

193 1747 362 1810 prunaque
377 1729 459 1792 etin
476 1727 597 1810 patulis
612 1728 795 1792 redolentia
810 1730 898 1791 mala
913 1730 1074 1806 canistris,

194 1840 280 1903 etde
296 1840 471 1922 purpureis
487 1841 657 1904 conlectae
672 1840 794 1904 vitibus
810 1843 904 1904 uv'ae.

194 1951 360 2016 Candidus
377 1952 410 2015 in
426 1952 535 2016 medio
551 1953 649 2016 favus
665 1962 724 2016 est.
776 1953 885 2034 Super
900 1953 1011 2016 omnia
1027 1953 1138 2016 vultus

194 2079 360 2123 accessere
376 2059 464 2135 boni,
481 2079 544 2123 nec
561 2060 649 2123 iners
665 2079 859 2142 pauperque
875 2061 1038 2124 voluntas,

143 2176 169 2228 55
235 2173 370 2235 Interea
384 2174 505 2236 totiens
521 2173 676 2235 haustum
694 2181 822 2236 cratera
837 2172 957 2254 repleri
1155 2211 1207 2257 Th,

195 2294 310 2367 sponte
327 2305 396 2360 sua,
413 2304 473 2367 per
489 2304 591 2367 seque
606 2284 721 2347 vident
736 2304 945 2348 succrescere
960 2286 1046 2348 vina.
1147 2286 1258 2332 nmmo

194 2397 336 2461 Attoniti
351 2397 497 2460 novitate
513 2405 636 2479 pavent
652 2396 871 2478 manibusque
888 2397 1015 2478 supinis

195 2510 383 2593 concipiunt
404 2509 590 2591 Baucisque
606 2528 722 2591 preces
737 2508 937 2590 timidusque
954 2509 1136 2584 Philemon,

195 2632 225 2686 et
239 2623 371 2687 veniam
387 2622 529 2705 dapibus
545 2621 709 2703 nullisque
725 2620 896 2703 paratibus
908 2630 1014 2684 orant.

141 2740 168 2790 ⁶0
195 2735 321 2800 Unicus
337 2755 435 2798 anser
449 2743 530 2810 erat,
548 2734 703 2797 minimae
718 2732 868 2796 custodia
883 2732 990 2807 villae,

193 2867 289 2930 quem
305 2847 357 2911 dis
374 2847 559 2928 hospitibus
575 2845 700 2910 domini
715 2854 861 2908 mactare
878 2844 1050 2926 parabant.

195 2960 253 3023 llle
269 2960 358 3023 celer
373 2979 484 3041 penna
499 2959 612 3022 tardos
627 2967 736 3022 aetate
752 2957 873 3039 fatigat

195 3073 363 3155 eluditque
380 3071 446 3146 diu,
459 3071 662 3152 tandemque
677 3080 728 3134 est
743 3071 834 3133 visus
848 3070 892 3133 ad
908 3068 998 3152 ipsos

194 3185 385 3266 confugisse
401 3184 490 3247 deos.
538 3183 658 3265 Superi
672 3193 808 3246 vetuere
824 3183 953 3259 necari;

140 3303 168 3370 65
196 3302 213 3329 “
225 3297 269 3360 Di
280 3298 298 3322 ’'
316 3317 381 3378 que
399 3301 417 3329 “
428 3316 551 3371 sumuS,
569 3294 768 3377 meritasque
784 3295 853 3358 luet
868 3294 988 3358 vicinia
1005 3313 1132 3376 poenas

195 3409 326 3492 impia,''
343 3408 504 3472 dixerunt.
553 3407 687 3471 “Vobis
702 3406 903 3470 immunibus
920 3406 1017 3469 huius
1158 3403 1287 3450 Pffl¹⁵m⁰¹¹

195 3541 267 3586 esse
283 3521 362 3585 mali
376 3520 516 3584 dabitur.
566 3520 669 3583 Modo
683 3529 794 3583 vestra
810 3518 985 3601 relinquite
1001 3528 1089 3582 tecta
1158 3479 1251 3598 ἔξω,

195 3653 232 3697 ac
248 3644 381 3698 nostros
397 3632 552 3696 comitate
568 3632 702 3714 gradus,
719 3633 801 3694 etin
818 3631 921 3693 ardua
938 3631 1058 3694 montis
1157 3624 1242 3673 ronow

194 3745 238 3813 ite
254 3745 382 3809 simul.''
430 3746 550 3808 Parent
566 3744 664 3807 ambo
679 3743 870 3824 baculisque
887 3742 987 3805 levati
1158 3700 1226 3820 ἓξ,
