2972 4358
118 1601 184 1647 Fata

119 1686 142 1720 rs

120 1761 236 1807 supreme

316 315 384 381 180
519 324 768 382 SELECTIONS
798 327 916 383 FROM
947 326 1051 385 OVID

311 531 446 593 sparsus
463 523 542 588 erat,
561 513 667 595 sparsi
686 513 836 576 Lunares
853 515 1015 594 sanguine
1031 532 1155 576 currus.
1293 519 1329 571 45

354 625 477 687 Tristia
493 624 582 688 mille
599 626 677 688 locis
695 626 833 710 Stygius
849 625 940 688 dedit
955 625 1066 688 omina
1081 622 1178 698 bubo,

312 736 400 800 mille
417 738 496 800 locis
513 738 696 800 lacrimavit
712 738 802 813 ebur,
821 745 1005 820 cantusque
1021 737 1173 799 feruntur

312 849 415 912 auditi
431 851 555 913 sanctis
572 859 605 913 et
620 851 721 913 verba
737 850 897 913 minantia
914 851 1005 913 lucis.

311 961 455 1024 Victima
470 961 562 1024 nulla
577 963 658 1039 litat,
675 983 881 1045 magnosque
896 964 1020 1026 instare
1035 962 1197 1025 tumultus

312 1072 394 1136 fibra
411 1084 532 1152 monet,
550 1095 752 1158 caesumque
768 1085 869 1158 caput
884 1075 1047 1157 reperitur
1059 1074 1093 1136 in
1109 1073 1202 1137 extis
1294 1086 1328 1139 50

314 1186 421 1269 Inque
438 1187 511 1249 foro
528 1188 717 1270 circumque
735 1188 851 1251 domos
867 1197 901 1251 et
917 1188 1043 1270 templa
1059 1186 1196 1249 deorum

313 1309 492 1362 nocturnos
509 1299 654 1363 ululasse
671 1320 772 1363 canes
788 1301 988 1382 umbrasque
1006 1299 1160 1362 silentum
1191 1296 1194 1300 ’

313 1413 475 1474 erravisse
492 1410 613 1488 ferunt,
632 1422 821 1495 motamque
835 1412 1033 1475 tremoribus
1050 1410 1172 1474 urbem.

360 1521 437 1587 Non
454 1533 566 1586 tamen
584 1524 719 1587 insidias
735 1534 940 1607 venturaque
956 1523 1089 1587 vincere
1104 1523 1175 1584 iata

315 1637 540 1717 praemonitus
557 1647 694 1718 potuere
711 1638 818 1712 deum,
836 1637 1006 1719 strictique
1023 1637 1175 1699 feruntur
1297 1644 1328 1696 55

314 1748 347 1810 in
363 1750 525 1830 templum
542 1749 662 1831 gladii;
691 1770 800 1832 neque
816 1751 905 1812 enim
921 1749 1013 1811 locus
1029 1748 1115 1809 ullus
1131 1745 1164 1807 in
1181 1744 1264 1807 urbe

313 1861 355 1922 ad
372 1861 502 1924 facinus
518 1862 690 1944 diramque
707 1863 824 1943 placet,
842 1861 906 1924 nisi
922 1862 1020 1937 curia,
1038 1859 1184 1922 caedem.
1223 1911 1230 1924 .

313 1975 399 2036 Tum
415 1995 494 2037 vero
513 1975 679 2058 Cytherea
694 1995 795 2036 manu
814 1975 977 2056 percussit
992 1982 1132 2054 utraque

313 2097 439 2168 pectus
457 2096 490 2149 et
507 2087 692 2149 Aeneaden
705 2086 837 2148 molitur
853 2086 995 2149 condere
1011 2083 1109 2159 nube,

314 2220 379 2281 qua
395 2199 486 2280 prius
502 2199 625 2261 infesto
643 2200 735 2261 Paris
751 2208 803 2261 est
819 2208 953 2281 ereptus
971 2197 1121 2271 Atridae,
1296 2197 1330 2246 60

314 2320 348 2374 et
366 2311 569 2374 Diomedeos
585 2311 722 2374 Aeneas
738 2311 873 2392 fugerat
888 2311 986 2373 ensis,

358 2423 496 2486 Talibus
513 2424 599 2486 hanc
616 2407 764 2504 genitor:
791 2427 809 2455 ‘⁴
820 2423 898 2487 Sola
910 2420 1133 2502 insuperabile
1146 2420 1263 2494 fatum,

316 2545 403 2612 nata,
421 2555 554 2598 movere
571 2535 692 2617 paras?
741 2535 850 2597 Intres
867 2535 942 2597 licet
959 2534 1032 2615 ipsa
1049 2551 1197 2596 sororum

314 2658 403 2711 tecta
419 2647 535 2710 trium!
576 2647 701 2711 Cernes
717 2647 783 2710 illic
801 2646 969 2710 molimine
985 2655 1081 2707 vasto

313 2780 354 2823 ex
370 2780 446 2823 aere
462 2769 495 2823 et
512 2760 615 2823 solido
632 2779 742 2822 rerum
758 2759 921 2821 tabularia
937 2759 1035 2833 ferr0,
1294 2761 1328 2827 65

313 2893 398 2954 quae
414 2892 522 2954 neque
538 2892 737 2934 concussum
753 2871 846 2946 caeli,
865 2891 973 2952 neque
990 2867 1138 2931 fulminis
1154 2868 1246 2941 iram,

313 3004 374 3047 nec
391 2993 543 3048 metuunt
559 2985 643 3046 ullas
660 2993 731 3046 tuta
748 2992 848 3065 atque
864 2992 1000 3046 aeterna
1016 2983 1137 3043 ruinas

350 3142 391 3194 45.
412 3131 564 3179 Lunares:
588 3131 715 3177 :Lunae
725 3128 823 3192 (gen).
855 3129 1005 3189 46.bubo:
1027 3126 1082 3176 owl.
1112 3138 1153 3188 47.
1172 3125 1261 3174 ebur:

311 3213 351 3260 i.e.
368 3212 411 3260 the
429 3219 530 3261 statues.
571 3211 611 3273 48.
635 3212 747 3261 auditi:
782 3227 815 3260 sc.
834 3228 888 3261 esse,
928 3225 967 3273 49.
994 3210 1080 3258 litat:
1094 3208 1264 3273 givessavor-

312 3295 364 3342 able
387 3311 465 3343 omen.
508 3307 546 3359 50.
564 3295 654 3344 fibra:
680 3296 718 3342 the
741 3295 849 3342 entrails
874 3294 917 3357 (ol
936 3293 979 3342 the
1003 3293 1088 3340 victim
1110 3287 1263 3351 sacrificed).

311 3381 459 3437 -oaput:
479 3393 513 3426 sc,
527 3379 621 3426 iecoris.
656 3377 717 3425 This
728 3369 778 3446 uas
790 3393 804 3424 a
817 3377 955 3441 projection
967 3391 1001 3424 on
1017 3375 1060 3424 the
1076 3373 1142 3435 right
1156 3371 1213 3420 lobe
1231 3369 1261 3418 of

312 3458 354 3509 the
367 3459 436 3518 livet,
448 3461 498 3507 and
511 3467 537 3508 to
549 3460 613 3508 have
627 3467 668 3508 cut
680 3460 698 3507 it
711 3460 737 3507 in
749 3460 889 3522 sacrificing
906 3475 956 3508 was
972 3474 1004 3508 an
1023 3454 1185 3506 unlavorable
1199 3453 1264 3515 sign.

310 3543 445 3591 -extim
466 3544 548 3600 vitals,
561 3543 603 3591 i.e.
616 3543 658 3592 the
671 3542 752 3599 heart,
764 3542 844 3604 lungs‚
858 3549 904 3591 etc.
940 3553 978 3606 52.
996 3540 1143 3589 ululasse:
1162 3536 1264 3585 horoled.

311 3625 350 3687 63.
375 3625 475 3674 Intres
501 3625 590 3674 licet:
619 3641 672 3688 you
696 3640 754 3686 may
772 3625 893 3689 yoursels
903 3631 981 3672 enter.
1035 3622 1075 3682 64.
1095 3619 1262 3670 molimine:

310 3715 444 3756 structure.
478 3707 518 3771 65.
536 3707 700 3756 tabularia:
720 3707 842 3765 archim.
883 3705 923 3774 (27.
942 3709 1010 3757 tuta
1021 3705 1262 3766 atqueaetorna:

310 3789 370 3838 with
383 3805 447 3852 quae
458 3789 485 3856 in
497 3805 520 3836 v.
531 3789 570 3838 66.
