<?xml version="1.0" encoding="UTF-8"?>
<!DOCTYPE html PUBLIC "-//W3C//DTD XHTML 1.0 Transitional//EN"
    "http://www.w3.org/TR/xhtml1/DTD/xhtml1-transitional.dtd">
<html xmlns="http://www.w3.org/1999/xhtml" xml:lang="en" lang="en">
 <head>
  <title>
</title>
<meta http-equiv="Content-Type" content="text/html;charset=utf-8" />
  <meta name='ocr-system' content='tesseract 3.04.00' />
  <meta name='ocr-capabilities' content='ocr_page ocr_carea ocr_par ocr_line ocrx_word'/>
</head>
<body>
  <div class='ocr_page' id='page_1' title='image "./poemsovidselect00ovidgoog_0161.png"; bbox 0 0 2996 4368; ppageno 0'>
   <div class='ocr_carea' id='block_1_1' title="bbox 283 312 1022 399">
    <p class='ocr_par' dir='ltr' id='par_1_1' title="bbox 283 312 1022 399">
     <span class='ocr_line' id='line_1_1' title="bbox 283 312 1022 399; baseline 0.005 -22"><span class='ocrx_word' id='word_1_1' title='bbox 283 312 349 399; x_wconf 82' lang='lat'>138</span> <span class='ocrx_word' id='word_1_2' title='bbox 486 322 737 382; x_wconf 89' lang='lat' dir='ltr'>SELECTIONS</span> <span class='ocrx_word' id='word_1_3' title='bbox 768 324 886 381; x_wconf 87' lang='lat' dir='ltr'>FROM</span> <span class='ocrx_word' id='word_1_4' title='bbox 917 323 1022 381; x_wconf 93' lang='lat' dir='ltr'>OVID</span> 
     </span>
    </p>
   </div>
   <div class='ocr_carea' id='block_1_2' title="bbox 195 502 1291 3838">
    <p class='ocr_par' dir='ltr' id='par_1_2' title="bbox 195 502 1291 3838">
     <span class='ocr_line' id='line_1_2' title="bbox 279 502 1291 592; baseline 0.005 -28"><span class='ocrx_word' id='word_1_5' title='bbox 279 502 433 566; x_wconf 88' lang='lat' dir='ltr'><strong>Protinus</strong></span> <span class='ocrx_word' id='word_1_6' title='bbox 448 503 629 568; x_wconf 85' lang='lat' dir='ltr'><strong>excolimur</strong></span> <span class='ocrx_word' id='word_1_7' title='bbox 644 506 758 581; x_wconf 88' lang='lat' dir='ltr'>teneri,</span> <span class='ocrx_word' id='word_1_8' title='bbox 776 525 920 588; x_wconf 93' lang='lat' dir='ltr'>curaque</span> <span class='ocrx_word' id='word_1_9' title='bbox 936 505 1085 587; x_wconf 90' lang='lat' dir='ltr'>parentis</span> <span class='ocrx_word' id='word_1_10' title='bbox 1260 539 1291 592; x_wconf 81' lang='lat'>¹5</span> 
     </span>
     <span class='ocr_line' id='line_1_3' title="bbox 321 614 977 698; baseline 0.005 -21"><span class='ocrx_word' id='word_1_11' title='bbox 321 614 407 678; x_wconf 93' lang='lat' dir='ltr'>imus</span> <span class='ocrx_word' id='word_1_12' title='bbox 423 616 465 678; x_wconf 93' lang='lat' dir='ltr'>ad</span> <span class='ocrx_word' id='word_1_13' title='bbox 480 614 620 698; x_wconf 83' lang='lat' dir='ltr'>insignis</span> <span class='ocrx_word' id='word_1_14' title='bbox 633 617 723 680; x_wconf 91' lang='lat' dir='ltr'>urbis</span> <span class='ocrx_word' id='word_1_15' title='bbox 736 618 778 680; x_wconf 93' lang='lat' dir='ltr'>ab</span> <span class='ocrx_word' id='word_1_16' title='bbox 795 628 864 680; x_wconf 90' lang='lat' dir='ltr'>arte</span> <span class='ocrx_word' id='word_1_17' title='bbox 880 617 977 680; x_wconf 78' lang='lat' dir='ltr'>viros,</span> 
     </span>
     <span class='ocr_line' id='line_1_4' title="bbox 279 729 1087 811; baseline 0.004 -21"><span class='ocrx_word' id='word_1_18' title='bbox 279 729 397 790; x_wconf 85' lang='lat' dir='ltr'><strong>Frater</strong></span> <span class='ocrx_word' id='word_1_19' title='bbox 412 729 456 791; x_wconf 88' lang='lat' dir='ltr'>ad·</span> <span class='ocrx_word' id='word_1_20' title='bbox 469 731 636 811; x_wconf 93' lang='lat' dir='ltr'>eloquium</span> <span class='ocrx_word' id='word_1_21' title='bbox 653 730 748 793; x_wconf 89' lang='lat' dir='ltr'>viridi</span> <span class='ocrx_word' id='word_1_22' title='bbox 763 730 922 793; x_wconf 90' lang='lat' dir='ltr'>tendebat</span> <span class='ocrx_word' id='word_1_23' title='bbox 937 730 979 792; x_wconf 91' lang='lat' dir='ltr'>ab</span> <span class='ocrx_word' id='word_1_24' title='bbox 996 751 1087 806; x_wconf 92' lang='lat' dir='ltr'>aevo,</span> 
     </span>
     <span class='ocr_line' id='line_1_5' title="bbox 320 840 949 905; baseline 0.003 -3"><span class='ocrx_word' id='word_1_25' title='bbox 320 840 419 903; x_wconf 80' lang='lat' dir='ltr'>fortia</span> <span class='ocrx_word' id='word_1_26' title='bbox 434 841 566 905; x_wconf 89' lang='lat' dir='ltr'><strong>verbosi</strong></span> <span class='ocrx_word' id='word_1_27' title='bbox 582 851 679 904; x_wconf 92' lang='lat' dir='ltr'>natus</span> <span class='ocrx_word' id='word_1_28' title='bbox 695 843 737 905; x_wconf 93' lang='lat' dir='ltr'>ad</span> <span class='ocrx_word' id='word_1_29' title='bbox 754 863 845 904; x_wconf 89' lang='lat' dir='ltr'>arma</span> <span class='ocrx_word' id='word_1_30' title='bbox 862 842 949 905; x_wconf 91' lang='lat' dir='ltr'>Fori.</span> 
     </span>
     <span class='ocr_line' id='line_1_6' title="bbox 277 953 1104 1036; baseline 0.002 -22"><span class='ocrx_word' id='word_1_31' title='bbox 277 953 326 1014; x_wconf 92' lang='lat' dir='ltr'>At</span> <span class='ocrx_word' id='word_1_32' title='bbox 341 953 423 1014; x_wconf 94' lang='lat' dir='ltr'>mihi</span> <span class='ocrx_word' id='word_1_33' title='bbox 438 953 502 1015; x_wconf 90' lang='lat' dir='ltr'>iam</span> <span class='ocrx_word' id='word_1_34' title='bbox 519 973 623 1034; x_wconf 92' lang='lat' dir='ltr'>puero</span> <span class='ocrx_word' id='word_1_35' title='bbox 639 955 795 1017; x_wconf 91' lang='lat' dir='ltr'>caelestia</span> <span class='ocrx_word' id='word_1_36' title='bbox 812 974 906 1018; x_wconf 90' lang='lat' dir='ltr'>sacra</span> <span class='ocrx_word' id='word_1_37' title='bbox 918 954 1104 1036; x_wconf 86' lang='lat' dir='ltr'>placebant,</span> 
     </span>
     <span class='ocr_line' id='line_1_7' title="bbox 319 1065 1290 1149; baseline 0.009 -22"><span class='ocrx_word' id='word_1_38' title='bbox 319 1065 419 1146; x_wconf 93' lang='lat' dir='ltr'>inque</span> <span class='ocrx_word' id='word_1_39' title='bbox 436 1087 532 1136; x_wconf 91' lang='lat' dir='ltr'>suum</span> <span class='ocrx_word' id='word_1_40' title='bbox 549 1067 663 1129; x_wconf 80' lang='lat' dir='ltr'>furtim</span> <span class='ocrx_word' id='word_1_41' title='bbox 681 1068 781 1129; x_wconf 92' lang='lat' dir='ltr'>Musa</span> <span class='ocrx_word' id='word_1_42' title='bbox 796 1068 950 1130; x_wconf 90' lang='lat' dir='ltr'>trahebat</span> <span class='ocrx_word' id='word_1_43' title='bbox 965 1088 1058 1149; x_wconf 93' lang='lat' dir='ltr'>opus.</span> <span class='ocrx_word' id='word_1_44' title='bbox 1258 1101 1290 1137; x_wconf 88' lang='lat'>20</span> 
     </span>
     <span class='ocr_line' id='line_1_8' title="bbox 277 1177 1216 1262; baseline 0.003 -22"><span class='ocrx_word' id='word_1_45' title='bbox 277 1177 387 1258; x_wconf 89' lang='lat' dir='ltr'>Saepe</span> <span class='ocrx_word' id='word_1_46' title='bbox 403 1188 499 1260; x_wconf 90' lang='lat' dir='ltr'>pater</span> <span class='ocrx_word' id='word_1_47' title='bbox 514 1178 603 1254; x_wconf 86' lang='lat' dir='ltr'>dixit,</span> <span class='ocrx_word' id='word_1_48' title='bbox 622 1179 807 1243; x_wconf 85' lang='lat' dir='ltr'>“Studium</span> <span class='ocrx_word' id='word_1_49' title='bbox 824 1180 901 1261; x_wconf 94' lang='lat' dir='ltr'>quid</span> <span class='ocrx_word' id='word_1_50' title='bbox 917 1179 1032 1242; x_wconf 91' lang='lat' dir='ltr'>inutile</span> <span class='ocrx_word' id='word_1_51' title='bbox 1047 1181 1216 1262; x_wconf 88' lang='lat' dir='ltr'>temptas?</span> 
     </span>
     <span class='ocr_line' id='line_1_9' title="bbox 323 1291 1003 1373; baseline 0.003 -21"><span class='ocrx_word' id='word_1_52' title='bbox 323 1291 519 1353; x_wconf 89' lang='lat' dir='ltr'>Maeonides</span> <span class='ocrx_word' id='word_1_53' title='bbox 535 1293 643 1354; x_wconf 89' lang='lat' dir='ltr'>nullas</span> <span class='ocrx_word' id='word_1_54' title='bbox 660 1292 732 1373; x_wconf 93' lang='lat' dir='ltr'>ipse</span> <span class='ocrx_word' id='word_1_55' title='bbox 745 1291 877 1373; x_wconf 91' lang='lat' dir='ltr'>reliquit</span> <span class='ocrx_word' id='word_1_56' title='bbox 892 1292 1003 1373; x_wconf 90' lang='lat' dir='ltr'>opes.”</span> 
     </span>
     <span class='ocr_line' id='line_1_10' title="bbox 280 1389 1081 1485; baseline 0.002 -21"><span class='ocrx_word' id='word_1_57' title='bbox 280 1403 394 1464; x_wconf 91' lang='lat' dir='ltr'>Motus</span> <span class='ocrx_word' id='word_1_58' title='bbox 406 1422 496 1465; x_wconf 91' lang='lat' dir='ltr'>eram</span> <span class='ocrx_word' id='word_1_59' title='bbox 513 1403 618 1479; x_wconf 91' lang='lat' dir='ltr'>dictis,</span> <span class='ocrx_word' id='word_1_60' title='bbox 635 1412 771 1485; x_wconf 92' lang='lat' dir='ltr'>totoque</span> <span class='ocrx_word' id='word_1_61' title='bbox 789 1389 951 1466; x_wconf 90' lang='lat' dir='ltr'>Helicone</span> <span class='ocrx_word' id='word_1_62' title='bbox 967 1405 1081 1466; x_wconf 91' lang='lat' dir='ltr'>relicto</span> 
     </span>
     <span class='ocr_line' id='line_1_11' title="bbox 321 1514 995 1579; baseline 0.001 -3"><span class='ocrx_word' id='word_1_63' title='bbox 321 1514 464 1577; x_wconf 91' lang='lat' dir='ltr'>scribere</span> <span class='ocrx_word' id='word_1_64' title='bbox 481 1515 625 1577; x_wconf 92' lang='lat' dir='ltr'>conabar</span> <span class='ocrx_word' id='word_1_65' title='bbox 640 1516 742 1579; x_wconf 92' lang='lat' dir='ltr'>verba</span> <span class='ocrx_word' id='word_1_66' title='bbox 758 1515 865 1579; x_wconf 90' lang='lat' dir='ltr'>soluta</span> <span class='ocrx_word' id='word_1_67' title='bbox 881 1515 995 1578; x_wconf 92' lang='lat' dir='ltr'>modis.</span> 
     </span>
     <span class='ocr_line' id='line_1_12' title="bbox 279 1626 1290 1713; baseline 0.007 -24"><span class='ocrx_word' id='word_1_68' title='bbox 279 1626 407 1706; x_wconf 91' lang='lat' dir='ltr'>Sponte</span> <span class='ocrx_word' id='word_1_69' title='bbox 424 1647 484 1689; x_wconf 91' lang='lat' dir='ltr'>sua</span> <span class='ocrx_word' id='word_1_70' title='bbox 500 1646 632 1690; x_wconf 90' lang='lat' dir='ltr'>carmen</span> <span class='ocrx_word' id='word_1_71' title='bbox 646 1647 802 1690; x_wconf 91' lang='lat' dir='ltr'>numeros</span> <span class='ocrx_word' id='word_1_72' title='bbox 817 1627 972 1690; x_wconf 90' lang='lat' dir='ltr'>veniebat</span> <span class='ocrx_word' id='word_1_73' title='bbox 988 1626 1030 1689; x_wconf 90' lang='lat' dir='ltr'>ad</span> <span class='ocrx_word' id='word_1_74' title='bbox 1046 1638 1143 1710; x_wconf 88' lang='lat' dir='ltr'>aptos</span> <span class='ocrx_word' id='word_1_75' title='bbox 1259 1659 1290 1713; x_wconf 83' lang='lat'>²5</span> 
     </span>
     <span class='ocr_line' id='line_1_13' title="bbox 321 1738 1036 1821; baseline 0.003 -21"><span class='ocrx_word' id='word_1_76' title='bbox 321 1748 355 1800; x_wconf 91' lang='lat' dir='ltr'>et</span> <span class='ocrx_word' id='word_1_77' title='bbox 370 1738 458 1821; x_wconf 95' lang='lat' dir='ltr'>quod</span> <span class='ocrx_word' id='word_1_78' title='bbox 475 1740 679 1820; x_wconf 90' lang='lat' dir='ltr'>temptabam</span> <span class='ocrx_word' id='word_1_79' title='bbox 698 1738 808 1801; x_wconf 90' lang='lat' dir='ltr'>dicere</span> <span class='ocrx_word' id='word_1_80' title='bbox 823 1759 940 1802; x_wconf 91' lang='lat' dir='ltr'>versus</span> <span class='ocrx_word' id='word_1_81' title='bbox 957 1749 1036 1802; x_wconf 92' lang='lat' dir='ltr'>erat.</span> 
     </span>
     <span class='ocr_line' id='line_1_14' title="bbox 278 1851 959 1932; baseline 0.003 -20"><span class='ocrx_word' id='word_1_82' title='bbox 278 1851 411 1914; x_wconf 89' lang='lat' dir='ltr'>Interea</span> <span class='ocrx_word' id='word_1_83' title='bbox 427 1851 527 1914; x_wconf 93' lang='lat' dir='ltr'>tacito</span> <span class='ocrx_word' id='word_1_84' title='bbox 543 1871 644 1932; x_wconf 92' lang='lat' dir='ltr'>passu</span> <span class='ocrx_word' id='word_1_85' title='bbox 661 1851 847 1914; x_wconf 93' lang='lat' dir='ltr'>labentibus</span> <span class='ocrx_word' id='word_1_86' title='bbox 863 1852 959 1914; x_wconf 92' lang='lat' dir='ltr'>annis</span> 
     </span>
     <span class='ocr_line' id='line_1_15' title="bbox 321 1963 1043 2045; baseline 0.003 -21"><span class='ocrx_word' id='word_1_87' title='bbox 321 1963 451 2026; x_wconf 89' lang='lat' dir='ltr'><strong>liberior</strong></span> <span class='ocrx_word' id='word_1_88' title='bbox 466 1963 561 2026; x_wconf 83' lang='lat' dir='ltr'>fratri</span> <span class='ocrx_word' id='word_1_89' title='bbox 577 1974 711 2045; x_wconf 89' lang='lat' dir='ltr'>sumpta</span> <span class='ocrx_word' id='word_1_90' title='bbox 726 1964 872 2045; x_wconf 89' lang='lat' dir='ltr'><strong>mihique</strong></span> <span class='ocrx_word' id='word_1_91' title='bbox 888 1973 968 2044; x_wconf 83' lang='lat' dir='ltr'>toga</span> <span class='ocrx_word' id='word_1_92' title='bbox 983 1973 1043 2038; x_wconf 91' lang='lat' dir='ltr'>est,</span> 
     </span>
     <span class='ocr_line' id='line_1_16' title="bbox 276 2075 1082 2157; baseline 0.002 -20"><span class='ocrx_word' id='word_1_93' title='bbox 276 2075 488 2156; x_wconf 92' lang='lat' dir='ltr'><strong>induiturque</strong></span> <span class='ocrx_word' id='word_1_94' title='bbox 504 2075 625 2138; x_wconf 92' lang='lat' dir='ltr'>umeris</span> <span class='ocrx_word' id='word_1_95' title='bbox 642 2096 717 2138; x_wconf 94' lang='lat' dir='ltr'>cum</span> <span class='ocrx_word' id='word_1_96' title='bbox 734 2076 800 2138; x_wconf 93' lang='lat' dir='ltr'>lato</span> <span class='ocrx_word' id='word_1_97' title='bbox 817 2095 964 2157; x_wconf 90' lang='lat' dir='ltr'>purpura</span> <span class='ocrx_word' id='word_1_98' title='bbox 980 2076 1082 2151; x_wconf 76' lang='lat' dir='ltr'>clavo</span> 
     </span>
     <span class='ocr_line' id='line_1_17' title="bbox 320 2187 1289 2268; baseline -0.003 -18"><span class='ocrx_word' id='word_1_99' title='bbox 320 2198 354 2250; x_wconf 91' lang='lat' dir='ltr'>et</span> <span class='ocrx_word' id='word_1_100' title='bbox 370 2187 515 2250; x_wconf 93' lang='lat' dir='ltr'>studium</span> <span class='ocrx_word' id='word_1_101' title='bbox 533 2187 628 2250; x_wconf 90' lang='lat' dir='ltr'>nobis</span> <span class='ocrx_word' id='word_1_102' title='bbox 644 2187 733 2268; x_wconf 93' lang='lat' dir='ltr'>quod</span> <span class='ocrx_word' id='word_1_103' title='bbox 749 2187 813 2249; x_wconf 86' lang='lat' dir='ltr'>fuit</span> <span class='ocrx_word' id='word_1_104' title='bbox 829 2197 907 2250; x_wconf 90' lang='lat' dir='ltr'>ante</span> <span class='ocrx_word' id='word_1_105' title='bbox 923 2197 1045 2251; x_wconf 90' lang='lat' dir='ltr'>manet.</span> <span class='ocrx_word' id='word_1_106' title='bbox 1256 2212 1289 2264; x_wconf 88' lang='lat'>30</span> 
     </span>
     <span class='ocr_line' id='line_1_18' title="bbox 279 2298 1141 2382; baseline 0.002 -21"><span class='ocrx_word' id='word_1_107' title='bbox 279 2300 418 2382; x_wconf 90' lang='lat' dir='ltr'>Iamque</span> <span class='ocrx_word' id='word_1_108' title='bbox 433 2298 549 2363; x_wconf 91' lang='lat' dir='ltr'>decem</span> <span class='ocrx_word' id='word_1_109' title='bbox 564 2301 652 2362; x_wconf 90' lang='lat' dir='ltr'>vitae</span> <span class='ocrx_word' id='word_1_110' title='bbox 668 2300 773 2362; x_wconf 85' lang='lat' dir='ltr'>frater</span> <span class='ocrx_word' id='word_1_111' title='bbox 784 2299 1011 2381; x_wconf 86' lang='lat' dir='ltr'>geminaverat</span> <span class='ocrx_word' id='word_1_112' title='bbox 1026 2319 1141 2376; x_wconf 76' lang='lat' dir='ltr'>annno,</span> 
     </span>
     <span class='ocr_line' id='line_1_19' title="bbox 320 2411 995 2494; baseline 0 -20"><span class='ocrx_word' id='word_1_113' title='bbox 320 2432 396 2474; x_wconf 89' lang='lat' dir='ltr'>cum</span> <span class='ocrx_word' id='word_1_114' title='bbox 412 2411 506 2493; x_wconf 89' lang='lat' dir='ltr'>perit,</span> <span class='ocrx_word' id='word_1_115' title='bbox 523 2422 557 2474; x_wconf 89' lang='lat' dir='ltr'>et</span> <span class='ocrx_word' id='word_1_116' title='bbox 572 2411 667 2493; x_wconf 88' lang='lat' dir='ltr'>coepi</span> <span class='ocrx_word' id='word_1_117' title='bbox 683 2421 777 2494; x_wconf 92' lang='lat' dir='ltr'>parte</span> <span class='ocrx_word' id='word_1_118' title='bbox 792 2431 905 2475; x_wconf 90' lang='lat' dir='ltr'>carere</span> <span class='ocrx_word' id='word_1_119' title='bbox 921 2411 995 2474; x_wconf 93' lang='lat' dir='ltr'>mei.</span> 
     </span>
     <span class='ocr_line' id='line_1_20' title="bbox 277 2523 1075 2605; baseline -0.003 -17"><span class='ocrx_word' id='word_1_120' title='bbox 277 2524 437 2604; x_wconf 92' lang='lat' dir='ltr'>Cepimus</span> <span class='ocrx_word' id='word_1_121' title='bbox 452 2532 486 2586; x_wconf 94' lang='lat' dir='ltr'>et</span> <span class='ocrx_word' id='word_1_122' title='bbox 500 2533 636 2587; x_wconf 87' lang='lat' dir='ltr'>tenerae</span> <span class='ocrx_word' id='word_1_123' title='bbox 652 2523 776 2605; x_wconf 90' lang='lat' dir='ltr'>primos</span> <span class='ocrx_word' id='word_1_124' title='bbox 789 2523 906 2586; x_wconf 90' lang='lat' dir='ltr'>aetatis</span> <span class='ocrx_word' id='word_1_125' title='bbox 923 2523 1075 2599; x_wconf 79' lang='lat' dir='ltr'>honoreS,</span> 
     </span>
     <span class='ocr_line' id='line_1_21' title="bbox 195 2635 1078 2717; baseline 0 -20"><span class='ocrx_word' id='word_1_126' title='bbox 195 2663 204 2682; x_wconf 86' lang='lat'><strong>.</strong></span> <span class='ocrx_word' id='word_1_127' title='bbox 321 2635 428 2717; x_wconf 92' lang='lat' dir='ltr'>deque</span> <span class='ocrx_word' id='word_1_128' title='bbox 443 2635 521 2698; x_wconf 92' lang='lat' dir='ltr'>viris</span> <span class='ocrx_word' id='word_1_129' title='bbox 537 2637 705 2717; x_wconf 93' lang='lat' dir='ltr'>quondam</span> <span class='ocrx_word' id='word_1_130' title='bbox 722 2655 800 2717; x_wconf 92' lang='lat' dir='ltr'>pars</span> <span class='ocrx_word' id='word_1_131' title='bbox 816 2635 922 2698; x_wconf 89' lang='lat' dir='ltr'>tribus</span> <span class='ocrx_word' id='word_1_132' title='bbox 938 2656 1004 2697; x_wconf 92' lang='lat' dir='ltr'>una</span> <span class='ocrx_word' id='word_1_133' title='bbox 1020 2635 1078 2698; x_wconf 85' lang='lat' dir='ltr'>fui.</span> 
     </span>
     <span class='ocr_line' id='line_1_22' title="bbox 278 2746 1286 2824; baseline 0.001 -14"><span class='ocrx_word' id='word_1_134' title='bbox 278 2746 379 2810; x_wconf 92' lang='lat' dir='ltr'>Curia</span> <span class='ocrx_word' id='word_1_135' title='bbox 395 2748 560 2824; x_wconf 91' lang='lat' dir='ltr'>restabat;</span> <span class='ocrx_word' id='word_1_136' title='bbox 585 2748 670 2810; x_wconf 94' lang='lat' dir='ltr'>clavi</span> <span class='ocrx_word' id='word_1_137' title='bbox 687 2767 842 2810; x_wconf 90' lang='lat' dir='ltr'>mensura</span> <span class='ocrx_word' id='word_1_138' title='bbox 859 2756 974 2810; x_wconf 92' lang='lat' dir='ltr'>coacta</span> <span class='ocrx_word' id='word_1_139' title='bbox 986 2757 1055 2823; x_wconf 90' lang='lat' dir='ltr'>est;</span> <span class='ocrx_word' id='word_1_140' title='bbox 1255 2769 1286 2822; x_wconf 84' lang='lat'>35</span> 
     </span>
     <span class='ocr_line' id='line_1_23' title="bbox 321 2831 997 2923; baseline 0 -3"><span class='ocrx_word' id='word_1_141' title='bbox 321 2859 426 2921; x_wconf 90' lang='lat' dir='ltr'>maius</span> <span class='ocrx_word' id='word_1_142' title='bbox 443 2868 513 2922; x_wconf 92' lang='lat' dir='ltr'>erat</span> <span class='ocrx_word' id='word_1_143' title='bbox 529 2831 650 2923; x_wconf 80' lang='lat' dir='ltr'>nostris</span> <span class='ocrx_word' id='word_1_144' title='bbox 666 2859 791 2922; x_wconf 91' lang='lat' dir='ltr'>viribus</span> <span class='ocrx_word' id='word_1_145' title='bbox 807 2859 887 2921; x_wconf 94' lang='lat' dir='ltr'>illud</span> <span class='ocrx_word' id='word_1_146' title='bbox 904 2879 997 2922; x_wconf 92' lang='lat' dir='ltr'>onus.</span> 
     </span>
     <span class='ocr_line' id='line_1_24' title="bbox 279 2947 1142 3053; baseline -0.001 -19"><span class='ocrx_word' id='word_1_147' title='bbox 279 2973 351 3034; x_wconf 93' lang='lat' dir='ltr'>Nec</span> <span class='ocrx_word' id='word_1_148' title='bbox 367 2971 498 3053; x_wconf 90' lang='lat' dir='ltr'>patiens</span> <span class='ocrx_word' id='word_1_149' title='bbox 514 2992 645 3053; x_wconf 91' lang='lat' dir='ltr'>corpus,</span> <span class='ocrx_word' id='word_1_150' title='bbox 662 2992 724 3034; x_wconf 93' lang='lat' dir='ltr'>nec</span> <span class='ocrx_word' id='word_1_151' title='bbox 742 2991 837 3034; x_wconf 93' lang='lat' dir='ltr'>mens</span> <span class='ocrx_word' id='word_1_152' title='bbox 853 2971 917 3033; x_wconf 84' lang='lat' dir='ltr'>fuit</span> <span class='ocrx_word' id='word_1_153' title='bbox 933 2981 1013 3053; x_wconf 90' lang='lat' dir='ltr'>apta</span> <span class='ocrx_word' id='word_1_154' title='bbox 1028 2947 1142 3046; x_wconf 63' lang='lat' dir='ltr'>labori]</span> 
     </span>
     <span class='ocr_line' id='line_1_25' title="bbox 321 3083 986 3165; baseline -0.002 -19"><span class='ocrx_word' id='word_1_155' title='bbox 321 3083 545 3165; x_wconf 89' lang='lat' dir='ltr'>sollicitaeque</span> <span class='ocrx_word' id='word_1_156' title='bbox 561 3084 666 3165; x_wconf 83' lang='lat' dir='ltr'>fugax</span> <span class='ocrx_word' id='word_1_157' title='bbox 681 3083 870 3146; x_wconf 91' lang='lat' dir='ltr'>ambitionis</span> <span class='ocrx_word' id='word_1_158' title='bbox 886 3103 986 3146; x_wconf 89' lang='lat' dir='ltr'>eram.</span> 
     </span>
     <span class='ocr_line' id='line_1_26' title="bbox 279 3195 1034 3276; baseline 0 -18"><span class='ocrx_word' id='word_1_159' title='bbox 279 3195 322 3258; x_wconf 90' lang='lat' dir='ltr'>Et</span> <span class='ocrx_word' id='word_1_160' title='bbox 339 3206 452 3276; x_wconf 89' lang='lat' dir='ltr'>petere</span> <span class='ocrx_word' id='word_1_161' title='bbox 469 3197 598 3258; x_wconf 89' lang='lat' dir='ltr'>Aoniae</span> <span class='ocrx_word' id='word_1_162' title='bbox 615 3195 800 3258; x_wconf 89' lang='lat' dir='ltr'>suadebant</span> <span class='ocrx_word' id='word_1_163' title='bbox 816 3204 888 3257; x_wconf 92' lang='lat' dir='ltr'>tuta</span> <span class='ocrx_word' id='word_1_164' title='bbox 905 3215 1034 3258; x_wconf 91' lang='lat' dir='ltr'>sorores</span> 
     </span>
     <span class='ocr_line' id='line_1_27' title="bbox 320 3307 906 3389; baseline 0 -19"><span class='ocrx_word' id='word_1_165' title='bbox 320 3307 395 3383; x_wconf 93' lang='lat' dir='ltr'>otia,</span> <span class='ocrx_word' id='word_1_166' title='bbox 413 3307 533 3370; x_wconf 93' lang='lat' dir='ltr'>iudicio</span> <span class='ocrx_word' id='word_1_167' title='bbox 549 3327 681 3389; x_wconf 91' lang='lat' dir='ltr'>semper</span> <span class='ocrx_word' id='word_1_168' title='bbox 697 3316 807 3370; x_wconf 91' lang='lat' dir='ltr'>amata</span> <span class='ocrx_word' id='word_1_169' title='bbox 822 3327 906 3370; x_wconf 89' lang='lat' dir='ltr'>meu.</span> 
     </span>
     <span class='ocr_line' id='line_1_28' title="bbox 276 3419 949 3501; baseline -0.001 -19"><span class='ocrx_word' id='word_1_170' title='bbox 276 3419 452 3501; x_wconf 91' lang='lat' dir='ltr'>Temporis</span> <span class='ocrx_word' id='word_1_171' title='bbox 468 3419 554 3482; x_wconf 93' lang='lat' dir='ltr'>illius</span> <span class='ocrx_word' id='word_1_172' title='bbox 571 3419 656 3482; x_wconf 94' lang='lat' dir='ltr'>colui</span> <span class='ocrx_word' id='word_1_173' title='bbox 671 3420 806 3500; x_wconf 86' lang='lat' dir='ltr'>fovique</span> <span class='ocrx_word' id='word_1_174' title='bbox 823 3428 949 3500; x_wconf 69' lang='lat' dir='ltr'>poetas</span> 
     </span>
     <span class='ocr_line' id='line_1_29' title="bbox 319 3530 1094 3614; baseline -0.003 -20"><span class='ocrx_word' id='word_1_175' title='bbox 319 3542 465 3614; x_wconf 90' lang='lat' dir='ltr'>quotque</span> <span class='ocrx_word' id='word_1_176' title='bbox 482 3531 621 3594; x_wconf 92' lang='lat' dir='ltr'>aderant</span> <span class='ocrx_word' id='word_1_177' title='bbox 635 3541 739 3606; x_wconf 80' lang='lat' dir='ltr'>vateS,</span> <span class='ocrx_word' id='word_1_178' title='bbox 757 3531 854 3594; x_wconf 90' lang='lat' dir='ltr'>rebar</span> <span class='ocrx_word' id='word_1_179' title='bbox 870 3531 988 3593; x_wconf 92' lang='lat' dir='ltr'>adesse</span> <span class='ocrx_word' id='word_1_180' title='bbox 1005 3530 1094 3594; x_wconf 81' lang='lat' dir='ltr'>deos</span> 
     </span>
     <span class='ocr_line' id='line_1_30' title="bbox 277 3642 1112 3727; baseline -0.002 -19"><span class='ocrx_word' id='word_1_181' title='bbox 277 3646 386 3727; x_wconf 90' lang='lat' dir='ltr'>Saepe</span> <span class='ocrx_word' id='word_1_182' title='bbox 403 3663 480 3706; x_wconf 89' lang='lat' dir='ltr'>suas</span> <span class='ocrx_word' id='word_1_183' title='bbox 496 3644 638 3706; x_wconf 90' lang='lat' dir='ltr'>volucris</span> <span class='ocrx_word' id='word_1_184' title='bbox 655 3643 735 3725; x_wconf 89' lang='lat' dir='ltr'>legit</span> <span class='ocrx_word' id='word_1_185' title='bbox 751 3642 831 3705; x_wconf 91' lang='lat' dir='ltr'>mihi</span> <span class='ocrx_word' id='word_1_186' title='bbox 847 3642 1003 3724; x_wconf 89' lang='lat' dir='ltr'>grandior</span> <span class='ocrx_word' id='word_1_187' title='bbox 1019 3661 1112 3717; x_wconf 90' lang='lat' dir='ltr'>aevo,</span> 
     </span>
     <span class='ocr_line' id='line_1_31' title="bbox 320 3754 1213 3838; baseline -0.002 -20"><span class='ocrx_word' id='word_1_188' title='bbox 320 3777 471 3838; x_wconf 90' lang='lat' dir='ltr'>quaeque</span> <span class='ocrx_word' id='word_1_189' title='bbox 487 3764 585 3818; x_wconf 93' lang='lat' dir='ltr'>necet</span> <span class='ocrx_word' id='word_1_190' title='bbox 601 3776 749 3836; x_wconf 92' lang='lat' dir='ltr'>serpens,</span> <span class='ocrx_word' id='word_1_191' title='bbox 763 3775 848 3837; x_wconf 93' lang='lat' dir='ltr'>quae</span> <span class='ocrx_word' id='word_1_192' title='bbox 864 3757 956 3817; x_wconf 91' lang='lat' dir='ltr'>iuvet</span> <span class='ocrx_word' id='word_1_193' title='bbox 972 3754 1076 3817; x_wconf 91' lang='lat' dir='ltr'>herba</span> <span class='ocrx_word' id='word_1_194' title='bbox 1090 3755 1213 3817; x_wconf 90' lang='lat' dir='ltr'>Macer.</span> 
     </span>
    </p>
   </div>
   <div class='ocr_carea' id='block_1_3' title="bbox 0 0 1502 4368">
    <p class='ocr_par' dir='ltr' id='par_1_3' title="bbox 0 0 1502 4368">
     <span class='ocr_line' id='line_1_32' title="bbox 0 0 1502 4368; baseline 0 0"><span class='ocrx_word' id='word_1_195' title='bbox 0 0 1502 4368; x_wconf 95' lang='lat' dir='ltr'> </span> 
     </span>
    </p>
   </div>
  </div>
 </body>
</html>
