2972 4358
549 353 826 410 arrunooaas
1099 361 1164 434 ¹75

297 647 441 720 XLVl.
479 648 598 720 THE
627 648 984 720 PHILOSOPHY
1012 650 1082 720 OF

508 773 875 846 PYTHAGORAS

257 953 318 1016 Vir
334 954 397 1016 luit
412 953 475 1030 hic,
490 963 563 1017 ortu
581 954 721 1017 Samius.
770 955 837 1020 Sed
853 955 987 1037 fugerat
1003 976 1070 1018 una

214 1074 248 1127 et
261 1065 387 1129 Samon
404 1075 437 1129 et
453 1066 613 1142 dominos,
632 1066 774 1149 odioque
790 1069 976 1152 tyrannidis
991 1070 1085 1131 exsul

215 1187 334 1259 sponte
351 1187 430 1241 erat.
478 1179 588 1260 Isque,
607 1179 683 1241 licet
699 1180 782 1242 caeli
799 1179 934 1260 regione
951 1190 1104 1256 remotos,

214 1299 326 1352 mente
343 1290 423 1353 deos
439 1290 519 1352 adiit
534 1300 568 1353 et
580 1310 665 1372 quae
682 1301 801 1354 natura
815 1292 960 1374 negabat

169 1423 183 1475 5
214 1401 340 1464 visibus
356 1403 518 1478 humanis,
536 1401 640 1465 oculis
656 1422 696 1465 ea
713 1404 856 1484 pectoris
871 1405 990 1468 hausit.

216 1515 367 1595 Cumque
384 1514 494 1576 animo
510 1524 543 1577 et
559 1514 651 1596 vigili
668 1526 883 1598 perspexerat
898 1517 1010 1579 omnia
1025 1538 1113 1593 cura,

214 1626 249 1688 in
266 1626 411 1689 medium
423 1627 583 1690 discenda
598 1627 707 1705 dabat,
726 1640 907 1712 coetusque
924 1630 1079 1692 silentum

215 1740 369 1822 dictaque
386 1740 564 1803 mirantum
581 1742 695 1824 magni
713 1741 893 1823 primordia
908 1741 1023 1804 mundi

214 1862 250 1914 et
265 1873 375 1916 rerum
392 1873 510 1916 causas
527 1862 560 1916 et
576 1853 655 1935 quid
674 1864 801 1930 natura,
821 1853 981 1928 docebat3
1185 1860 1221 1906 aa

154 1985 187 2020 10
215 1965 295 2047 quid
312 1966 403 2042 deus,
421 1967 509 2028 unde
526 1967 629 2041 nives
644 1987 728 2048 quae
746 1966 894 2028 fulminis
912 1974 1001 2028 esset
1016 1966 1118 2046 origo,
1184 1934 1340 2068 {51:52th

217 2079 370 2159 Iuppiter
386 2098 428 2139 an
444 2079 536 2140 venti
553 2078 704 2140 discussa
719 2078 807 2141 nube
825 2087 989 2153 tonarent,

215 2190 296 2272 quid
312 2199 463 2272 quateret
478 2199 593 2264 terras,
611 2210 676 2272 qua
693 2190 800 2253 sidera
817 2167 890 2271 lege
907 2199 1065 2265 mearent,

214 2312 250 2365 et
266 2303 497 2385 quodcumque
514 2303 603 2365 latet.
661 2302 856 2385 Primusque
874 2301 1028 2363 animalia
1045 2302 1168 2364 mensis

215 2416 326 2497 arguit
341 2415 483 2497 imponi;
510 2416 636 2497 primus
653 2435 785 2497 quoque
799 2414 919 2478 talibus
936 2435 994 2477 ora

156 2541 186 2593 Ι5
215 2528 316 2590 docta
331 2528 463 2609 quidem
480 2529 586 2602 solvit,
604 2527 663 2590 sed
680 2548 747 2590 non
762 2536 796 2590 et
812 2527 946 2601 credita,
959 2526 1085 2588 verbis:

216 2645 236 2672 “
247 2641 384 2717 Parcite,
402 2641 566 2715 mortales
585 2639 727 2721 dapibus
748 2648 910 2701 temerare
926 2638 1080 2700 nefandis

215 2773 363 2834 corpora.
412 2753 497 2817 Sunt
513 2753 637 2833 fruges,
656 2760 733 2814 sunt
747 2749 946 2813 deducentia
962 2770 1071 2812 ramos

215 2865 364 2946 pondere
381 2886 480 2947 poma
497 2885 557 2927 suo
573 2863 786 2946 tumidaeque
803 2863 836 2924 in
852 2861 974 2925 vitibus
990 2880 1074 2923 uvae

216 2988 296 3040 sunt
312 2978 435 3041 herbae
451 2977 574 3052 dulces
593 2986 670 3039 sunt
686 2995 771 3058 quae
786 2977 957 3038 mitescere
975 2973 1109 3035 flamma

154 3114 186 3148 κο
215 3089 400 3171 mollirique
413 3098 544 3171 queant.
594 3089 667 3151 Nec
682 3087 776 3151 vobis
793 3088 918 3150 lacteus
936 3106 1029 3148 umor

215 3201 353 3283 eripitur
368 3221 430 3264 nec
447 3201 545 3263 mella
561 3201 667 3284 thymi
683 3199 865 3263 redolentia
881 3199 1004 3261 florem.

255 3399 348 3448 XLVI.
374 3412 394 3449 1.
412 3403 496 3449 ortu:
517 3400 546 3448 in
564 3399 659 3462 origin.
695 3411 717 3460 3.
734 3398 822 3447 licet:
843 3398 965 3460 although,
979 3396 1038 3446 with
1056 3403 1165 3444 remotos.

216 3495 238 3546 7.
259 3462 449 3532 inmeritum:
468 3483 540 3530 lethe
551 3481 637 3530 world.
673 3479 696 3528 8.
714 3480 811 3529 dicta:
831 3479 880 3541 obj.
890 3480 920 3527 ol
929 3481 1083 3536 mirantum,
1091 3477 1165 3527 while

215 3572 293 3612 coetus
302 3565 352 3612 and
358 3564 509 3627 primordia
522 3579 564 3612 are
577 3563 669 3612 double
679 3561 729 3623 obj.
737 3561 766 3610 of
774 3563 877 3610 docebat.
914 3575 950 3610 11.
968 3562 1117 3623 Iuppiter:
1131 3575 1165 3608 sc.

215 3654 313 3695 utrum.
350 3659 387 3695 12.
404 3649 553 3696 mearent:
573 3662 648 3694 move.
686 3658 722 3704 14.
740 3645 851 3706 arguit:
870 3644 967 3691 shewed
976 3645 1060 3691 itwas
1071 3659 1164 3706 wrong.

217 3729 255 3778 16.
277 3732 439 3778 temerare:
465 3729 541 3794 defile.
590 3728 626 3777 18.
643 3738 734 3776 uvae:
748 3733 847 3789 grapes.
894 3739 933 3774 20.
956 3729 1081 3786 queant:
1109 3741 1165 3772 can.

214 3823 254 3860 21.
270 3810 451 3861 redolentia:
465 3810 615 3874 redolentofi
