2996 4368
308 284 386 380 ·9⁶
482 323 484 330 ,
543 298 795 373 sannc‘norvs
825 297 949 362 anon,
974 295 1079 354 ovn)

340 479 533 564 Eurydices,
550 500 616 557 oro,
634 489 812 564 properata
828 481 964 544 retexite
981 479 1052 542 fata

383 591 507 656 Omnia
522 592 686 656 debentur
701 592 804 670 vobis,
823 593 1025 675 paulumque
1042 589 1159 654 morati

339 705 444 767 serius
461 714 519 768 aut
534 704 630 769 citius
647 705 761 769 sedem
778 725 995 787 properamus
1011 704 1054 767 ad
1069 723 1180 766 unam.

338 816 523 882 Tendimus
554 818 620 881 huc
651 838 777 894 omneS,
811 817 893 880 haec
925 826 976 880 est
1006 817 1125 880 domus
1156 814 1282 893 ultima,

425 949 552 1012 vosque
841 1001 845 1008 ⁸

339 1041 475 1104 humani
491 1040 623 1123 generis
640 1041 833 1124 longissima
848 1061 952 1123 regna
967 1040 1097 1105 tenetis,
1320 1062 1351 1116 35

341 1153 437 1217 Haec
453 1173 593 1236 quoque,
611 1173 687 1218 cum
703 1153 808 1217 iustos
824 1164 953 1217 matura
970 1152 1136 1236 peregerit
1152 1172 1267 1229 annos,

338 1266 418 1328 iuris
434 1266 496 1329 erit
511 1266 631 1342 vestri;
656 1285 717 1348 pro
734 1286 870 1330 munere
886 1267 1053 1348 poscimus
1069 1285 1176 1328 usum.

339 1377 440 1459 Quod
456 1377 484 1440 si
499 1378 570 1441 fata
582 1386 708 1459 negant
719 1377 850 1442 veniam
863 1397 923 1459 pro
935 1378 1086 1459 coniuge,
1100 1386 1227 1440 certum
1240 1386 1292 1440 est

338 1488 425 1552 nolle
442 1490 547 1553 redire
564 1489 644 1552 mihi
654 1511 661 1566 ;
686 1490 752 1553 leto
768 1490 911 1571 gaudete
927 1489 1100 1553 duorum.''

382 1602 478 1664 Talia
494 1601 658 1665 dicentem
675 1622 862 1684 nervosque
878 1602 920 1665 ad
936 1602 1037 1665 verba
1053 1611 1243 1665 moventem
1319 1626 1351 1672 40

338 1732 525 1795 exsangues
541 1712 665 1778 flebant
680 1713 820 1790 animae,
838 1721 900 1778 nec
916 1714 1079 1777 Tantalus
1095 1714 1220 1777 undam

339 1827 485 1907 captavit
500 1826 663 1907 refugam,
681 1826 873 1909 stupuitque
891 1826 1015 1890 Ixionis
1030 1802 1128 1903 orbis,

338 1957 401 2000 nec
416 1957 571 2019 carpsere
587 1937 678 2001 iecur
692 1939 853 2014 volucres,
871 1938 1029 2022 urnisque
1045 1947 1207 2002 vacarunt

340 2049 482 2126 Belides,
501 2050 600 2134 inque
616 2060 673 2114 tuo
689 2050 813 2128 sedisti,
832 2051 985 2136 Sisyphe,
1004 2071 1092 2114 saxo.

338 2162 434 2225 Tunc
452 2162 594 2245 primum
612 2162 755 2226 lacrimis
771 2163 932 2227 victarum
949 2162 1096 2227 carmine
1111 2164 1204 2226 fama
1219 2172 1272 2226 est
1319 2181 1352 2235 45

340 2273 562 2338 Eumenidum
575 2274 741 2338 maduisse
758 2295 872 2356 genas.
921 2276 993 2339 Nec
1010 2275 1102 2356 regia
1117 2274 1261 2338 coniunx

339 2386 481 2450 sustinet
496 2387 611 2464 oranti,
629 2407 691 2450 nec
707 2387 764 2469 qui
779 2389 865 2469 regit
880 2387 955 2464 ima,
972 2406 1106 2468 negare,

340 2497 596 2583 Eurydicenque
613 2508 743 2562 vocant.
792 2499 939 2564 Umbras
955 2508 1027 2564 erat
1042 2499 1099 2561 illa
1115 2499 1257 2562 recentis

338 2609 432 2686 inter,
451 2620 484 2673 et
499 2610 635 2674 incessit
651 2631 753 2693 passu
769 2612 811 2675 de
827 2612 963 2675 vulnere
979 2612 1083 2675 tardo.

146 2737 270 2798 nurynee
384 2723 482 2786 Hanc
500 2722 597 2785 simul
613 2732 646 2786 et
662 2724 771 2805 legem
790 2724 1005 2806 Rhodopelus
1022 2723 1142 2805 accipit
1158 2724 1266 2798 heros
1321 2744 1354 2796 50

146 2811 258 2860 ’ΝΜ
337 2853 380 2896 ne
396 2834 508 2897 flectat
524 2844 611 2898 retro
628 2854 687 2898 sua
704 2835 838 2909 lumina,
856 2836 962 2899 donec
978 2837 1133 2899 Avernas

338 2943 453 3008 exierit
468 2946 581 3023 vallis;
606 2956 663 3010 aut
679 2947 778 3011 inrita
793 2948 882 3011 dona
897 2948 1019 3012 futura.

338 3057 495 3140 Carpitur
510 3059 644 3122 acclivis
660 3079 721 3142 per
736 3069 827 3123 muta
844 3059 974 3124 silentia
989 3069 1121 3135 trames,

338 3170 472 3246 arduus,
489 3170 659 3248 obscurus,
677 3171 819 3253 caligine
835 3172 959 3235 densus
975 3151 1089 3254 opaca.

339 3283 412 3345 Nec
430 3282 544 3364 procul
560 3284 718 3346 afuerunt
731 3283 859 3347 telluris
875 3283 1024 3366 margine
1041 3302 1200 3347 summae.
1322 3302 1353 3354 55

340 3393 416 3469 Hic,
433 3414 476 3457 ne
493 3394 648 3456 deficeret
665 3403 817 3456 metuens
834 3393 1017 3476 avidusque
1032 3393 1167 3457 videndi

338 3504 428 3569 flexit
444 3527 560 3568 amans
576 3508 707 3583 oculos;
730 3515 765 3569 et
782 3508 931 3588 protinus
946 3508 1003 3571 illa
1019 3508 1151 3588 relapsa
1166 3515 1226 3571 est.

340 3619 567 3700 Bracchiaque
589 3618 765 3681 intendens
786 3618 969 3702 prendique
988 3627 1022 3683 et
1040 3619 1204 3701 prendere
1223 3638 1291 3683 cer-

426 3740 501 3793 tans
