2996 4368
471 311 698 369 HARDSHIPS
728 313 784 370 AT
814 311 927 368 ΤΟΜΙ

218 491 289 557 non
306 496 362 577 qui
378 494 509 570 soletur,
527 516 594 558 non
610 497 667 578 qui
683 495 829 558 labentia
845 495 939 559 tarde

266 616 417 688 tempora
432 607 599 670 narrando
615 608 720 683 fallat,
738 607 864 670 amicus
881 606 985 670 adest.

222 720 349 782 Lassus
365 719 398 781 in
414 721 570 783 extremis
585 719 677 783 iaceo
693 720 892 801 populisque
908 719 1064 800 locisque,

265 842 299 895 et
315 831 403 894 subit
419 832 552 896 adfecto
568 853 656 895 nunc
673 832 754 894 mihi
770 832 927 914 quicquid
943 830 1047 894 abest.

157 962 189 1014 15
222 944 345 1007 Omnia
361 965 436 1007 cum
453 944 603 1020 subeant,
620 945 725 1007 vincis
741 953 853 1008 tamen
869 943 989 1019 omnia,
1007 943 1158 1018 coniunx,
1186 945 1255 1064 ΨΚ,

265 1066 299 1119 et
315 1057 390 1138 plus
405 1057 439 1118 in
456 1066 569 1119 nostro
584 1066 719 1138 pectore
735 1066 830 1137 parte
847 1065 950 1120 tenes.

221 1169 272 1230 Te
288 1168 404 1250 loquor
420 1168 601 1243 absentem,
619 1177 652 1232 te
666 1189 730 1230 vox
747 1189 821 1231 mea
836 1169 986 1231 nominat
1001 1186 1120 1243 unam;

266 1281 358 1342 nulla
372 1253 464 1343 venit
480 1281 599 1344 sinete
616 1300 682 1342 nox
696 1281 785 1356 mihi,
803 1280 895 1343 nulla
911 1280 990 1342 dies

224 1391 315 1473 Quin
331 1393 431 1455 etiam
448 1393 494 1455 sic
511 1413 564 1456 me
579 1392 695 1455 dicunt
711 1393 819 1455 aliena
835 1391 983 1455 locutum

159 1532 193 1566 20
268 1514 304 1566 ut
320 1504 406 1567 foret
422 1506 546 1567 amenti
562 1524 683 1567 nomen
700 1505 733 1565 in
750 1524 806 1567 ore
823 1514 926 1566 tuum.

224 1617 261 1679 Si
277 1617 341 1678 iam
357 1617 518 1692 deficiam,
536 1637 783 1699 suppressaque
800 1617 914 1697 lingua
930 1617 1044 1697 palato

267 1729 321 1789 vix
336 1728 494 1791 instillato
510 1728 714 1791 restituenda
730 1749 829 1804 meru,

223 1841 352 1902 nuntiet
368 1841 433 1903 huc
450 1841 568 1921 aliquis
585 1840 752 1902 dominam
769 1841 919 1916 venisse;
943 1859 1126 1920 resurgam,

268 1972 410 2034 spesque
426 1953 473 2014 tui
489 1952 584 2014 nobis
601 1972 701 2014 causa
716 1951 840 2033 vigoris
856 1952 926 2015 erit.

162 2089 176 2122 2
181 2088 195 2138 5
225 2064 317 2144 Ergo
332 2084 395 2145 ego
411 2084 484 2152 sum
500 2064 620 2127 dubius
635 2065 733 2140 vitae,
751 2073 787 2126 tu
804 2063 943 2126 forsitan
960 2064 1033 2126 istic

267 2176 447 2238 iucundum
463 2177 567 2239 nostri
582 2177 695 2239 nescia
711 2185 843 2257 tempus
860 2176 954 2257 agis?

225 2288 303 2349 Non
320 2288 400 2369 agis,
419 2289 565 2351 adfirmo.
615 2288 736 2370 Liquet
752 2287 823 2363 hoc,
842 2288 1020 2363 carissima,
1037 2286 1141 2362 nobis,

268 2409 400 2481 tempus
416 2401 470 2487 agi
487 2401 558 2464 sine
573 2421 627 2464 me
642 2421 709 2463 non
725 2401 788 2462 nisi
804 2401 897 2462 triste
914 2399 982 2462 tibi.

226 2511 263 2574 Si
278 2522 389 2575 tamen
406 2513 555 2593 implevit
571 2532 646 2575 mea
663 2533 733 2575 sors
750 2533 833 2593 quos
850 2511 964 2575 debuit
980 2532 1094 2585 annos,

164 2647 196 2698 30
268 2633 302 2687 et
317 2625 398 2686 mihi
412 2625 545 2688 vivendi
561 2634 629 2686 tam
646 2626 710 2687 cito
727 2625 801 2687 finis
818 2624 921 2700 adest,

225 2746 384 2816 quantum
402 2746 481 2812 erat,
499 2757 518 2799 o
535 2736 657 2818 magni,
676 2736 834 2799 morituro
851 2756 997 2817 parcere,
1016 2733 1091 2809 divi,

179 2914 186 2926 ,
269 2857 306 2909 ut
321 2848 437 2911 saltem
455 2848 563 2929 patria
578 2848 824 2912 contumularer
840 2847 963 2916 humo?

631 3058 767 3085 -·o·-·

303 3234 464 3306 XXXV.
503 3233 816 3304 HARDSHIPS
843 3232 917 3304 AT
945 3232 1092 3303 TOMl

225 3409 275 3471 At
291 3430 366 3472 cum
382 3409 485 3473 tristis
501 3409 607 3472 hiems
624 3407 809 3492 squalentia
826 3407 961 3488 protulit
976 3427 1042 3482 ora,

269 3532 424 3604 terraque
440 3542 624 3585 marmoreo
640 3521 782 3585 candida
798 3521 888 3582 facta
904 3521 980 3601 gelu
997 3529 1057 3595 est,

225 3635 306 3696 dum
322 3644 414 3698 vetat
429 3645 462 3698 et
480 3636 603 3698 Boreas
619 3644 653 3697 et
669 3634 724 3696 nix
740 3633 889 3696 habitare
906 3633 967 3695 sub
985 3632 1098 3707 Arcto,

269 3757 341 3809 tum
358 3747 460 3828 liquet
476 3748 537 3809 has
554 3749 662 3828 gentis
679 3766 740 3808 axe
756 3753 920 3807 tremente
938 3744 1053 3824 premi.
