2948 4368
606 333 779 394 CADMUS
1113 343 1159 416 43
1195 375 1204 392 .

206 518 359 580 infausto
375 520 514 599 tetigere
531 519 645 600 gradu,
664 519 876 601 demissaque
891 519 925 581 in
943 520 1050 582 undas

207 650 294 692 urna
310 629 403 693 dedit
417 630 572 705 sonitum,
591 631 690 712 longo
706 640 808 712 caput
823 630 941 694 extulit
955 642 1052 695 antro

207 744 383 821 caeruleus
399 762 537 824 serpens
554 743 785 825 horrendaque
800 743 896 807 sibila
912 743 1009 807 misit.

209 854 380 918 Effluxere
395 875 499 918 urnae
514 855 677 931 manibus,
695 855 899 938 sanguisque
914 855 1046 940 reliquit

145 985 178 1031 40
208 987 333 1048 corpus
348 977 382 1030 et
397 967 556 1031 attonitos
572 966 701 1032 subitus
716 978 840 1032 tremor
855 979 998 1050 occupat
1013 977 1113 1032 artus.

210 1080 275 1141 Ille
289 1078 490 1143 volubilibus
506 1099 702 1162 squamosos
719 1079 858 1142 nexibus
875 1081 964 1144 orbis

208 1200 351 1273 torquet,
368 1201 401 1255 et
416 1191 596 1256 immensos
613 1191 700 1254 saltu
716 1191 867 1254 sinuatur
882 1193 915 1255 in
932 1213 1029 1257 arcus
1052 1213 1059 1269 ;

209 1323 250 1366 ac
266 1303 375 1366 media
391 1305 466 1385 plus
482 1313 578 1385 parte
594 1303 676 1367 levis
692 1313 823 1367 erectus
838 1304 872 1366 in
887 1325 986 1369 auras

209 1414 351 1496 despicit
367 1435 465 1478 omne
481 1435 607 1492 nemus,
624 1425 784 1498 tantoque
800 1426 852 1479 est
871 1436 1010 1498 corpore
1025 1428 1160 1501 quanto,

148 1545 182 1597 45
210 1527 239 1591 si
255 1536 361 1590 totum
378 1537 518 1612 specteS,
535 1527 686 1610 geminas
702 1529 758 1610 qui
774 1503 910 1610 separat
926 1530 1058 1594 Arctos.

211 1640 285 1701 Nec
302 1660 403 1703 mora.
443 1640 636 1717 Phoenicas,
655 1642 725 1704 sive
741 1640 787 1702 illi
802 1640 870 1703 tela
886 1642 1049 1722 parabant

210 1751 281 1814 sive
298 1751 424 1832 fugam,
441 1752 511 1815 sive
526 1751 598 1834 ipse
613 1752 712 1816 timor
727 1753 926 1834 prohibebat
941 1764 1127 1836 utrumque,

210 1872 355 1944 occupat
364 1883 371 1938 ;
396 1864 457 1926 hos
473 1883 593 1940 morsu,
611 1864 719 1946 longis
734 1865 942 1946 amplexibus
958 1866 1041 1942 illos,

211 1977 274 2038 hos
291 1984 389 2038 necat
404 1978 525 2040 adflata
542 1977 667 2040 funesti
683 1978 760 2040 tabe
775 1977 905 2040 veneni.

150 2107 182 2161 50
257 2088 399 2150 Fecerat
414 2087 551 2169 exiguas
567 2087 631 2150 iarn
649 2088 697 2151 sol
714 2087 894 2152 altissimus
909 2089 1063 2167 umbras;
1180 2107 1287 2155 carmus

210 2219 299 2283 quae
315 2220 407 2263 mora
422 2200 464 2262 sit
480 2199 578 2263 sociis
594 2199 732 2262 miratur
748 2200 908 2281 Agenore
924 2211 1031 2277 natus,
1181 2185 1257 2304 23¹:

209 2314 421 2395 vestigatque
436 2312 534 2376 viros.
567 2313 743 2393 Tegumen
761 2315 898 2396 derepta
915 2317 1019 2379 leonis

210 2425 308 2508 pellis
325 2434 405 2501 erat,
421 2425 524 2489 telum
542 2424 733 2506 splendenti
749 2426 865 2488 lancea
880 2426 970 2488 ferro

210 2547 246 2600 et
262 2537 414 2614 iaculum,
430 2539 565 2619 teloque
581 2536 711 2600 animus
727 2537 948 2617 praestantior
964 2539 1062 2600 omni.

152 2674 181 2728 55
212 2651 262 2714 Ut
278 2670 395 2714 nemus
410 2649 545 2714 intravit
560 2650 727 2732 letataque
743 2669 884 2730 corpora
899 2649 990 2727 vidit,

211 2762 437 2845 victoremque
454 2783 556 2844 supra
572 2761 710 2844 spatiosi
726 2761 873 2843 corporis
890 2763 1019 2826 hostem
1134 2777 1135 2780 ’

211 2874 320 2937 tristia
336 2874 520 2956 sanguinea
536 2873 739 2937 lambentem
755 2874 894 2938 vulnera
910 2874 1033 2957 lingua,

214 2991 233 3018 “
243 2987 317 3049 Aut
331 2988 418 3050 ultor
433 2996 574 3063 vestrae,
593 2986 752 3050 fidissima
768 3006 917 3067 corpora,
935 2989 1059 3063 mortis,

213 3107 272 3160 aut
304 3099 445 3175 comes,'’
481 3098 596 3181 inquit,
634 3099 749 3162 “ero''
803 3098 904 3173 Dixit,
940 3099 1122 3182 dextraque
1179 3107 1216 3153 no

258 3211 417 3274 molarem
1180 3182 1287 3302 {itam

153 3323 187 3374 60
214 3323 347 3386 sustulit
363 3332 397 3386 et
412 3341 572 3404 magnum
588 3342 711 3404 magno
728 3321 902 3386 conamine
919 3322 1016 3387 misit.
1181 3329 1281 3390 ”1³30ss

215 3435 310 3498 Illius
325 3434 470 3516 impulsu
485 3454 560 3498 cum
577 3434 722 3497 turribus
738 3435 841 3497 ardua
857 3435 955 3499 celsis

216 3547 347 3610 moenia
362 3555 452 3609 mota
467 3547 596 3624 forent;
621 3566 759 3627 serpens
775 3547 847 3610 sine
863 3548 999 3612 vulnere
1015 3547 1146 3623 mansit,

216 3659 404 3742 loricaeque
420 3659 519 3721 modo
536 3658 683 3741 squamis
699 3658 859 3721 defensus
872 3667 906 3720 et
922 3668 1012 3721 atrae

217 3771 338 3833 duritia
353 3771 449 3853 pellis
464 3769 591 3834 validos
607 3779 682 3833 cute
699 3770 844 3852 reppulit
859 3770 953 3833 ictus.
