2996 4368
311 343 377 414 132
511 335 762 392 SELECTIONS
792 335 911 392 FROM
942 335 1046 392 OVID
1121 291 1124 297 v

350 519 439 600 finge
456 519 514 582 sed
531 518 700 582 immensis
717 518 871 582 censibus
887 538 960 582 esse
976 517 1074 599 paris,

112 635 199 681 ricus
307 651 429 712 nempe
445 630 503 694 dat
518 639 552 694 et
567 631 764 714 cuicumque
779 630 860 694 libet
875 631 1010 694 fortuna
1026 630 1186 713 rapitque,

112 709 222 756 nortun·
284 792 287 800 .
351 744 425 806 Irus
441 752 474 806 et
490 753 541 806 est
557 743 666 806 subito
682 745 739 826 qui
754 743 853 806 modo
870 743 1015 807 Croesus
1031 751 1110 805 erat.
1285 763 1320 810 40

305 855 446 937 Singula
462 855 541 938 quid
558 855 725 918 referam?
772 856 828 918 Nil
843 877 911 918 non
928 857 1067 918 mortale
1082 865 1234 918 tenemus

348 967 492 1049 pectoris
509 969 656 1049 exceptis
672 967 865 1050 ingeniique
880 967 985 1031 bonis.

306 1079 358 1142 En
375 1100 448 1162 eg0,
467 1101 543 1142 cum
559 1080 667 1162 patria
683 1100 815 1144 caream
831 1081 991 1163 vobisque
1008 1081 1183 1163 domoque,

348 1202 509 1274 raptaque
525 1192 592 1256 sint
608 1192 708 1256 adimi
725 1213 810 1276 quae
826 1203 965 1276 potuere
982 1192 1070 1269 mihi,

304 1303 439 1385 ingenio
454 1314 566 1366 tamen
583 1304 656 1387 ipse
672 1325 745 1368 meo
763 1305 966 1387 comitorque
983 1306 1142 1386 fruorque
1152 1326 1159 1381 ;
1284 1322 1318 1375 45

348 1412 472 1480 Caesar
488 1416 521 1479 in
538 1417 601 1480 hoc
618 1417 725 1500 potuit
741 1417 820 1480 iuris
836 1417 960 1480 habere
976 1416 1065 1479 nihil.

111 1534 190 1580 Fame
306 1528 456 1610 Quilibet
471 1529 558 1602 hanc
574 1549 673 1592 saevo
689 1529 791 1592 vitam
808 1529 888 1592 mihi
904 1528 996 1592 finiat
1012 1549 1101 1605 ense,

110 1609 269 1731 pvrpprpnant
349 1660 403 1703 me
418 1650 531 1703 tamen
547 1641 708 1704 exstincto
724 1642 815 1704 fama
831 1651 1002 1723 superstes
1018 1641 1096 1717 erit;

111 1761 194 1806 Death
306 1751 451 1835 dumque
467 1753 536 1816 suis
551 1762 682 1835 septem
697 1753 814 1816 victrix
829 1754 872 1816 de
888 1754 1056 1816 montibus
1072 1752 1186 1816 orbem

349 1865 530 1946 prospiciet
546 1865 707 1928 domitum
725 1865 847 1928 Martia
858 1867 981 1941 Roma,
999 1865 1100 1946 legar.
1286 1881 1318 1934 50

304 1977 357 2038 Tu
373 1997 514 2059 quoque,
532 1997 631 2059 quam
648 1977 748 2040 studii
764 1987 897 2041 maneat
913 1977 1041 2040 felicior
1056 1961 1144 2052 usds,

348 2087 462 2169 effuge
477 2097 644 2165 venturos
662 2109 728 2171 qua
744 2098 849 2170 poteS,
867 2109 972 2171 usque
988 2108 1097 2170 rogos

713 2356 850 2384 -000-·

405 2565 590 2638 XXXIV.
629 2566 762 2638 OVID
793 2567 884 2638 ILL
910 2568 984 2638 AT
1011 2567 1158 2638 ΤΟΜΙ

311 2757 406 2820 Haec
423 2776 497 2820 mea
513 2757 541 2819 si
556 2777 636 2820 casu
653 2757 781 2821 miraris
798 2758 941 2840 epistula
957 2779 1023 2841 qua
1039 2779 1074 2822 re

352 2868 486 2932 alterius
502 2868 614 2950 digitis
630 2870 754 2950 scripta
770 2869 821 2944 sit,
841 2890 940 2951 aeger
957 2890 1056 2933 eram.
1139 2945 1142 2950 Ι

309 2981 423 3061 Aeger
439 2979 472 3042 in
488 2982 643 3043 extremis
659 2981 765 3062 ignoti
782 2982 933 3062 partibus
950 2981 1038 3045 orbis

351 3093 563 3173 incertusque
580 3113 674 3156 meae
690 3113 798 3174 paene
815 3094 931 3157 salutis
947 3114 1046 3158 eram.

309 3204 398 3285 Quid
415 3204 495 3265 mihi
512 3225 601 3268 nunc
619 3204 721 3267 animi
737 3205 808 3268 dira
824 3206 960 3287 regione
976 3206 1098 3270 iacenti
1302 3223 1316 3276 5

351 3317 436 3378 inter
453 3315 668 3379 Sauromatas
684 3337 759 3379 esse
777 3319 945 3399 Getasque
962 3319 1083 3400 putes?

309 3428 382 3490 Nec
398 3427 528 3490 caelum
545 3429 654 3511 patior
670 3450 731 3492 nec
749 3431 844 3511 aquis
860 3430 1072 3494 adsuevimus
1089 3433 1168 3506 istis,

352 3549 504 3623 terraque
520 3541 632 3604 nescio
648 3562 714 3624 quo
730 3562 797 3604 non
812 3543 923 3624 placet
937 3543 1011 3624 ipsa
1026 3544 1132 3606 mod0.

310 3653 388 3715 Non
404 3652 522 3716 domus
538 3663 617 3735 apta
633 3654 723 3729 satis,
741 3675 808 3716 non
825 3653 878 3717 hic
895 3654 988 3717 cibus
1004 3656 1093 3718 utilis
1110 3675 1218 3736 aegro,

352 3765 462 3827 nullus
479 3765 659 3847 Apollinea
675 3767 731 3848 qui
747 3766 833 3830 levet
849 3777 920 3830 arte
935 3767 1078 3843 malum;
1182 3808 1185 3814 -
1288 3783 1319 3819 10
