2996 4368
636 311 807 370 DAPHNE
1122 323 1190 396 ¹47

239 503 275 558 et
289 495 371 558 levis
386 494 546 576 impulsos
563 501 651 558 retro
667 494 769 558 dabat
784 515 866 559 aura
881 495 1029 579 capillos,

239 616 404 689 auctaque
427 607 641 690 formaiuga
659 615 718 670 est.
766 607 832 672 Sed
851 610 940 672 enim
958 629 1025 674 non
1050 612 1192 676 sustinet
1209 627 1262 675 aa·

327 718 413 781 Ultra
764 779 766 784 '
1208 705 1317 826 adiano·

240 830 379 912 perdere
394 830 573 894 blanditias
587 831 716 895 iuvenis
732 831 825 908 deus,
843 842 945 916 utque
962 833 1117 898 movebat
1208 789 1225 837 p

177 963 212 1012 80
239 943 312 1025 ipse
327 962 428 1019 amor,
446 943 592 1006 admisso
608 945 757 1025 sequitur
772 944 915 1027 vestigia
931 965 1043 1028 passu.

239 1056 289 1120 Ut
304 1055 397 1119 canis
411 1057 446 1117 in
461 1074 568 1119 vacuo
584 1055 732 1138 leporem
747 1076 824 1120 cum
841 1057 987 1122 Gallicus
1003 1078 1082 1123 arvo

237 1167 329 1244 vidit,
345 1176 381 1230 et
392 1168 446 1230 hic
462 1167 621 1250 praedam
638 1167 780 1250 pedibus
795 1171 888 1250 petit,
906 1170 960 1234 ille
976 1171 1128 1248 salutem,

238 1281 323 1343 alter
337 1280 515 1343 inhaesuro
532 1279 647 1344 similis
662 1282 728 1343 iam
744 1282 876 1364 iamque
892 1292 1006 1346 tenere

238 1401 353 1473 sperat
368 1402 401 1455 et
416 1401 551 1473 extento
567 1391 700 1475 stringit
716 1393 858 1476 vestigia
874 1405 998 1472 rostro;

178 1527 209 1593 35
239 1504 323 1568 alter
338 1505 373 1566 in
388 1503 545 1586 ambiguo
561 1513 614 1568 est
628 1524 671 1567 an
684 1506 726 1568 sit
742 1525 970 1588 comprensus
987 1516 1021 1571 et
1035 1507 1117 1589 ipsis

238 1614 403 1680 morsibus
418 1615 556 1698 eripitur
571 1605 809 1699 tangentiaque
822 1638 879 1681 ora
895 1618 1070 1701 relinquit:

238 1729 286 1791 sic
302 1728 385 1792 deus
396 1738 432 1792 et
445 1729 539 1809 virgo
555 1738 615 1804 est,
633 1729 686 1793 hic
703 1749 763 1810 spe
779 1730 876 1806 celer,
893 1730 950 1792 illa
964 1730 1090 1794 timore.

239 1839 307 1922 Qui
322 1849 435 1904 tamen
450 1839 644 1922 insequitur,
662 1841 781 1922 pennis
797 1841 930 1906 adiutus
946 1845 1067 1906 amoris

239 1952 329 2016 ocior
344 1962 401 2016 est
410 1951 625 2036 requiemque
642 1963 744 2036 negat
758 1964 920 2036 tergoque
935 1955 1067 2037 fugacis

177 2090 212 2140 90
239 2065 391 2128 imminet
405 2075 441 2128 et
455 2066 580 2128 crinem
598 2085 752 2147 sparsum
767 2064 951 2130 cervicibus
968 2067 1079 2130 adflat.

283 2173 418 2242 Viribus
434 2176 620 2260 absumptis
637 2177 796 2259 expalluit
811 2177 878 2253 illa,
894 2179 1045 2261 citaeque

224 2282 327 2354 ¹victa
341 2290 455 2354 labore
471 2291 574 2372 fugae
592 2300 749 2372 spectans
766 2290 929 2354 Peneidas
942 2291 1059 2367 undas,

240 2407 259 2434 “
270 2403 344 2478 Fer,
368 2402 500 2485 'pater,’'
527 2401 643 2485 inquit,
673 2407 691 2434 “
702 2421 810 2484 opem,
842 2403 870 2465 si
889 2401 1037 2466 ¹fiumina
1067 2424 1191 2467 numen
1210 2425 1339 2483 napnne’s

326 2513 465 2578 habetis.
766 2521 769 2526 ¹
1208 2498 1257 2558 ⁰¹5

240 2625 318 2708 Qua
333 2626 472 2689 nimium
484 2625 604 2707 placui,
621 2626 782 2689 mutando
797 2626 900 2708 perde
915 2625 1088 2708 figuram.’'
1208 2572 1257 2694 iia

1208 2723 1232 2769 is

178 2759 212 2812 95
239 2737 306 2803 Vix
321 2757 421 2820 prece
437 2737 530 2801 finita
546 2747 660 2820 torpor
676 2736 788 2820 gravis
805 2748 947 2820 occupat
960 2733 1063 2815 artus,
1207 2797 1284 2843 m

240 2850 352 2913 mollia
366 2851 547 2931 cinguntur
561 2849 654 2914 tenui
669 2849 863 2932 praecordia
877 2849 971 2926 libro,

240 2961 275 3025 in
290 2962 446 3026 frondem
461 2963 578 3037 crines,
595 2962 629 3025 in
645 2981 755 3025 ramos
771 2961 928 3026 bracchia
943 2971 1107 3039 crescunt,

286 3181 325 3245 78.
342 3193 403 3231 non
413 3181 505 3231 ulta:
520 3198 553 3230 no
564 3182 656 3246 longer.
691 3180 731 3230 8ο.
748 3181 883 3231 admisso
894 3193 1002 3243 passu:
1016 3183 1106 3248 atfiell
1114 3183 1191 3246 speed.

240 3263 280 3313 81.
297 3263 448 3324 leporem:
465 3263 536 3312 bare.
571 3263 610 3326 83.
627 3263 788 3314 inhaesuro
805 3264 926 3314 similis:
952 3265 1002 3313 like
1018 3281 1063 3313 one
1080 3265 1155 3314 about
1169 3273 1192 3314 to

232 3347 321 3413 fasten
334 3363 367 3395 on
378 3347 417 3395 bis
423 3353 495 3410 prey.
530 3345 570 3408 84
588 3345 725 3408 stringit:
739 3347 1034 3408 bouchet—vestigia:
1052 3348 1192 3413 thesea.-

241 3432 358 3479 rofltro:
390 3428 482 3477 mouth.
527 3428 566 3490 89.
589 3429 738 3492 requiem:
758 3435 817 3478 rest.
852 3441 892 3490 90.
914 3429 1067 3479 imminet:
1094 3431 1116 3478 is
1132 3431 1192 3478 close

241 3510 477 3576 apem-adflat:
495 3510 604 3559 brcatlres
622 3518 697 3573 upon.
740 3523 779 3572 91.
797 3511 923 3560 Viribus
940 3497 1129 3572 absumptis:
1147 3513 1193 3560 her

240 3594 351 3658 strength
370 3593 445 3657 being
459 3593 745 3656 spent-expalluit:
762 3594 906 3656 grewpale.
933 3649 936 3654 ¹
951 3606 992 3655 93.
1010 3593 1145 3642 flumina:
1166 3593 1192 3641 in

240 3691 300 3740 app.
317 3674 378 3724 with
397 3691 437 3723 vos
457 3675 483 3722 in
499 3675 599 3724 habetis.
651 3688 690 3739 95.
714 3678 834 3736 torpor:
864 3675 1004 3724 numbness.
1045 3676 1084 3737 96.
1109 3688 1191 3736 prae·

240 3759 362 3808 cordia:
383 3757 468 3806 breast.
480 3757 614 3806 -libroz
634 3757 704 3826 bork.
