2948 4368
588 288 821 360 Pnltrnon
1126 311 1147 382 3
1154 309 1173 386 ς

223 483 331 545 Parva
340 503 468 564 queror.
488 485 634 565 Magnae
645 494 786 567 pereunt
797 504 872 548 cum
883 484 1175 561 moenibusurbes,

222 614 366 677 cumque
383 605 450 658 suis
465 603 552 658 totas
568 595 700 678 populis
716 595 872 660 incendia
887 605 993 660 terras

162 723 210 776 215
222 707 256 768 in
273 707 418 770 cinerem
433 717 576 771 vertunt.
624 707 734 772 Silvae
750 729 825 772 cum
842 709 1009 773 montibus
1025 710 1152 774 ardent.

266 820 354 882 Tum
371 827 450 883 vero
466 821 639 883 Phaethon
655 828 783 885 cunctis
800 829 818 884 ἓ
834 820 984 903 partibus
999 821 1112 886 orbem
1192 823 1246 872 1¹¹⁰

222 930 342 1012 aspicit
358 939 544 1008 accensum,
562 952 624 996 nec
640 941 751 996 tantos
767 933 908 997 sustinet
924 937 1046 1012 aestus,
1190 899 1276 1022 ἔξω

222 1045 451 1126 ferventisque
467 1052 564 1108 auras
580 1045 671 1108 velut
687 1053 705 1108 ἐ
721 1045 858 1109 fornace
875 1046 1043 1127 protunda

222 1163 280 1218 ore
296 1155 405 1231 trahit,
423 1164 605 1239 currusque
623 1165 700 1220 suos
716 1158 917 1221 candescere
933 1159 1043 1222 sentit.

163 1287 211 1322 220
224 1268 270 1330 Et
285 1288 394 1351 neque
410 1269 476 1330 iam
492 1268 620 1332 cineres
636 1270 876 1352 eiectatamque
892 1270 1040 1334 favillam

222 1381 312 1442 ferre
329 1390 449 1462 potest,
466 1382 640 1463 calidoque
656 1383 835 1445 involvitur
850 1381 996 1466 undique
1012 1383 1115 1446 firmo.

224 1492 368 1574 Quoque
384 1502 447 1569 eat,
464 1504 521 1556 aut
537 1493 594 1556 ubi
610 1495 661 1570 sit,
679 1494 774 1576 picea
790 1493 931 1577 caligine
947 1503 1055 1559 tectus

223 1604 338 1679 nescit,
356 1613 389 1667 et
405 1604 540 1668 arbitrio
554 1607 725 1669 volucrum
741 1614 893 1688 raptatur
907 1615 1077 1689 equorum.

268 1716 439 1798 Sanguine
454 1727 534 1781 tunc
551 1719 690 1782 credunt
708 1718 742 1781 in
758 1738 898 1800 corpora
913 1739 1043 1782 summa
1057 1726 1176 1783 vocito
1193 1723 1246 1769 rue

163 1848 211 1901 225
223 1829 430 1910 Aethiopum
448 1829 590 1911 populos
606 1832 738 1911 nigrum
754 1831 894 1894 traxisse
911 1833 1062 1896 colorem.
1192 1794 1280 1928 ‘iffi

224 1942 312 2003 Tum
329 1940 420 2004 iacta
436 1951 487 2004 est
505 1941 611 2026 Libye
628 1952 732 2024 raptis
749 1943 918 2007 umoribus
934 1951 1028 2007 aestu

224 2051 335 2128 arida3
357 2062 428 2116 tum
445 2055 614 2137 nymphae
631 2064 739 2136 passis
754 2055 924 2136 fontisque
939 2057 1099 2138 laesisque

225 2165 387 2229 deflevere
404 2176 514 2229 comis.
559 2167 698 2249 Quaerit
716 2167 853 2230 Boeotia
870 2168 1003 2244 Dircen,

225 2279 338 2360 Argos
355 2279 578 2361 Amymonen,
598 2280 735 2364 Ephyre
752 2280 923 2343 Pirenidas
939 2280 1065 2355 undas3

164 2419 213 2470 230
225 2411 287 2454 nec
303 2400 418 2454 sortita
434 2393 506 2455 loco
522 2392 675 2455 distantis
691 2392 830 2456 flumina
846 2401 934 2475 ripas

225 2510 296 2565 tuta
313 2513 458 2566 manent.
502 2504 624 2567 Mediis
639 2506 764 2567 Tanais
780 2505 921 2568 firmavit
936 2505 969 2567 in
987 2505 1093 2581 undis,

226 2625 259 2678 et
274 2635 360 2698 quae
377 2616 551 2679 Maeonias
567 2615 774 2680 celebrarant
790 2616 936 2680 carmine
951 2624 1041 2698 ripas

225 2726 402 2791 flumineae
417 2727 567 2811 volucres
584 2728 692 2791 medio
708 2729 839 2791 caluere
856 2729 1006 2812 Caystro.

228 2839 324 2902 Nilus
340 2840 374 2902 in
390 2847 570 2902 extremum
587 2840 675 2922 fugit
691 2840 885 2922 perterritus
901 2841 1014 2903 orbem

167 2972 214 3024 ²35
225 2951 434 3034 occuluitque
450 2961 560 3033 caput,
578 2953 666 3034 quod
683 2953 792 3015 adhuc
808 2953 906 3029 latet;
931 2952 1016 3014 ostia
1032 2961 1160 3034 septem

226 3062 457 3144 pulverulenta
472 3073 601 3139 vacant,
619 3074 746 3146 septem
765 3065 836 3127 sine
853 3064 989 3127 flumine
1003 3065 1116 3127 valles.

270 3175 400 3238 Dissilit
415 3196 513 3239 omne
526 3177 642 3252 solum,
656 3185 875 3258 penetratque
887 3177 920 3239 in
934 3177 1075 3239 Tartara
1086 3187 1176 3241 rimis
1194 3192 1273 3252 night

226 3288 339 3350 lumen
355 3296 389 3350 et
404 3289 572 3352 infernum
588 3297 689 3351 terret
705 3308 780 3351 cum
798 3288 938 3369 coniuge
955 3296 1077 3371 regem.
1194 3264 1318 3384 {mus

228 3399 272 3461 Et
285 3419 374 3462 mare
387 3402 600 3476 contrahitur,
615 3401 788 3483 siccaeque
804 3410 856 3463 est
871 3421 1010 3482 campus
1023 3402 1175 3477 harenae,

171 3523 216 3569 ²40
227 3511 315 3592 quod
342 3514 440 3576 modo
471 3521 593 3594 pontus
620 3522 709 3588 erat;
741 3521 890 3594 quosque
917 3513 1020 3576 altum
1050 3521 1177 3577 texerat

314 3643 447 3706 aequor,

227 3735 389 3800 exsistunt
404 3745 534 3801 montes
550 3747 582 3800 et
599 3744 731 3818 sparsas
749 3737 913 3821 Cycladas
929 3747 1063 3818 augent.
