<?xml version="1.0" encoding="UTF-8"?>
<!DOCTYPE html PUBLIC "-//W3C//DTD XHTML 1.0 Transitional//EN"
    "http://www.w3.org/TR/xhtml1/DTD/xhtml1-transitional.dtd">
<html xmlns="http://www.w3.org/1999/xhtml" xml:lang="en" lang="en">
 <head>
  <title>
</title>
<meta http-equiv="Content-Type" content="text/html;charset=utf-8" />
  <meta name='ocr-system' content='tesseract 3.04.00' />
  <meta name='ocr-capabilities' content='ocr_page ocr_carea ocr_par ocr_line ocrx_word'/>
</head>
<body>
  <div class='ocr_page' id='page_1' title='image "./poemsovidselect00ovidgoog_0160.png"; bbox 0 0 2996 4368; ppageno 0'>
   <div class='ocr_carea' id='block_1_1' title="bbox 592 326 1184 405">
    <p class='ocr_par' dir='ltr' id='par_1_1' title="bbox 592 326 1184 405">
     <span class='ocr_line' id='line_1_1' title="bbox 592 326 1184 405; baseline 0 -22"><span class='ocrx_word' id='word_1_1' title='bbox 592 326 727 384; x_wconf 81' lang='lat' dir='ltr'>OVID’s</span> <span class='ocrx_word' id='word_1_2' title='bbox 750 327 838 383; x_wconf 78' lang='lat' dir='ltr'>uun</span> <span class='ocrx_word' id='word_1_3' title='bbox 1117 333 1184 405; x_wconf 86' lang='lat'>137</span> 
     </span>
    </p>
   </div>
   <div class='ocr_carea' id='block_1_2' title="bbox 173 508 1188 1712">
    <p class='ocr_par' dir='ltr' id='par_1_2' title="bbox 173 508 1188 1712">
     <span class='ocr_line' id='line_1_2' title="bbox 238 508 1188 593; baseline -0.003 -18"><span class='ocrx_word' id='word_1_4' title='bbox 238 513 308 575; x_wconf 88' lang='lat' dir='ltr'>Aut</span> <span class='ocrx_word' id='word_1_5' title='bbox 335 510 426 574; x_wconf 90' lang='lat' dir='ltr'>videt</span> <span class='ocrx_word' id='word_1_6' title='bbox 450 520 506 572; x_wconf 86' lang='lat' dir='ltr'>aut</span> <span class='ocrx_word' id='word_1_7' title='bbox 537 509 654 573; x_wconf 88' lang='lat' dir='ltr'>metuit</span> <span class='ocrx_word' id='word_1_8' title='bbox 683 511 774 574; x_wconf 88' lang='lat' dir='ltr'>locus</span> <span class='ocrx_word' id='word_1_9' title='bbox 800 508 852 574; x_wconf 91' lang='lat' dir='ltr'>hic</span> <span class='ocrx_word' id='word_1_10' title='bbox 883 530 981 593; x_wconf 91' lang='lat' dir='ltr'>quem</span> <span class='ocrx_word' id='word_1_11' title='bbox 1005 529 1073 573; x_wconf 90' lang='lat' dir='ltr'>non</span> <span class='ocrx_word' id='word_1_12' title='bbox 1096 508 1188 572; x_wconf 87' lang='lat' dir='ltr'>videt</span> 
     </span>
     <span class='ocr_line' id='line_1_3' title="bbox 324 624 478 708; baseline -0.013 -23"><span class='ocrx_word' id='word_1_13' title='bbox 324 624 478 708; x_wconf 49' lang='lat' dir='ltr'>hostem;¹</span> 
     </span>
     <span class='ocr_line' id='line_1_4' title="bbox 281 733 940 815; baseline -0.002 -17"><span class='ocrx_word' id='word_1_14' title='bbox 281 745 390 798; x_wconf 87' lang='lat' dir='ltr'>cessat</span> <span class='ocrx_word' id='word_1_15' title='bbox 405 735 494 796; x_wconf 91' lang='lat' dir='ltr'>iners</span> <span class='ocrx_word' id='word_1_16' title='bbox 510 733 616 815; x_wconf 87' lang='lat' dir='ltr'>rigido</span> <span class='ocrx_word' id='word_1_17' title='bbox 632 743 720 797; x_wconf 89' lang='lat' dir='ltr'>terra</span> <span class='ocrx_word' id='word_1_18' title='bbox 737 734 850 797; x_wconf 89' lang='lat' dir='ltr'>relicta</span> <span class='ocrx_word' id='word_1_19' title='bbox 866 735 940 797; x_wconf 91' lang='lat' dir='ltr'>situ.</span> 
     </span>
     <span class='ocr_line' id='line_1_5' title="bbox 238 845 1104 929; baseline -0.001 -19"><span class='ocrx_word' id='word_1_20' title='bbox 238 849 317 910; x_wconf 93' lang='lat' dir='ltr'>Non</span> <span class='ocrx_word' id='word_1_21' title='bbox 334 847 386 910; x_wconf 93' lang='lat' dir='ltr'>hic</span> <span class='ocrx_word' id='word_1_22' title='bbox 404 846 583 929; x_wconf 84' lang='lat' dir='ltr'>pampinea</span> <span class='ocrx_word' id='word_1_23' title='bbox 599 845 705 908; x_wconf 90' lang='lat' dir='ltr'>dulcis</span> <span class='ocrx_word' id='word_1_24' title='bbox 722 846 803 909; x_wconf 86' lang='lat' dir='ltr'>latet</span> <span class='ocrx_word' id='word_1_25' title='bbox 819 867 882 909; x_wconf 91' lang='lat' dir='ltr'>uva</span> <span class='ocrx_word' id='word_1_26' title='bbox 899 846 960 909; x_wconf 93' lang='lat' dir='ltr'>sub</span> <span class='ocrx_word' id='word_1_27' title='bbox 977 847 1104 922; x_wconf 90' lang='lat' dir='ltr'>umbra,</span> 
     </span>
     <span class='ocr_line' id='line_1_6' title="bbox 280 958 1015 1022; baseline 0 -2"><span class='ocrx_word' id='word_1_28' title='bbox 280 979 343 1022; x_wconf 91' lang='lat' dir='ltr'>nec</span> <span class='ocrx_word' id='word_1_29' title='bbox 359 958 530 1022; x_wconf 83' lang='lat' dir='ltr'>cumulant</span> <span class='ocrx_word' id='word_1_30' title='bbox 545 959 629 1021; x_wconf 86' lang='lat' dir='ltr'>altos</span> <span class='ocrx_word' id='word_1_31' title='bbox 645 958 774 1021; x_wconf 81' lang='lat' dir='ltr'>fervida</span> <span class='ocrx_word' id='word_1_32' title='bbox 790 967 900 1020; x_wconf 86' lang='lat' dir='ltr'>musta</span> <span class='ocrx_word' id='word_1_33' title='bbox 915 958 1015 1022; x_wconf 92' lang='lat' dir='ltr'>lacus.</span> 
     </span>
     <span class='ocr_line' id='line_1_7' title="bbox 173 1069 1135 1156; baseline -0.003 -21"><span class='ocrx_word' id='word_1_34' title='bbox 173 1090 206 1156; x_wconf 84' lang='lat'>⁶5</span> <span class='ocrx_word' id='word_1_35' title='bbox 236 1073 340 1135; x_wconf 90' lang='lat' dir='ltr'><strong>Poma</strong></span> <span class='ocrx_word' id='word_1_36' title='bbox 355 1080 458 1152; x_wconf 84' lang='lat' dir='ltr'>negat</span> <span class='ocrx_word' id='word_1_37' title='bbox 473 1070 583 1151; x_wconf 79' lang='lat' dir='ltr'>regi03</span> <span class='ocrx_word' id='word_1_38' title='bbox 608 1090 670 1134; x_wconf 89' lang='lat' dir='ltr'>nec</span> <span class='ocrx_word' id='word_1_39' title='bbox 686 1070 824 1133; x_wconf 87' lang='lat' dir='ltr'>haberet</span> <span class='ocrx_word' id='word_1_40' title='bbox 840 1069 1004 1133; x_wconf 88' lang='lat' dir='ltr'>Acontius</span> <span class='ocrx_word' id='word_1_41' title='bbox 1019 1072 1053 1136; x_wconf 93' lang='lat' dir='ltr'>in</span> <span class='ocrx_word' id='word_1_42' title='bbox 1070 1091 1135 1152; x_wconf 94' lang='lat' dir='ltr'>quo</span> 
     </span>
     <span class='ocr_line' id='line_1_8' title="bbox 281 1182 1062 1264; baseline -0.003 -18"><span class='ocrx_word' id='word_1_43' title='bbox 281 1183 440 1246; x_wconf 85' lang='lat' dir='ltr'>scriberet</span> <span class='ocrx_word' id='word_1_44' title='bbox 456 1183 510 1246; x_wconf 92' lang='lat' dir='ltr'>hic</span> <span class='ocrx_word' id='word_1_45' title='bbox 526 1182 681 1246; x_wconf 85' lang='lat' dir='ltr'>dominae</span> <span class='ocrx_word' id='word_1_46' title='bbox 696 1182 799 1246; x_wconf 86' lang='lat' dir='ltr'>verba</span> <span class='ocrx_word' id='word_1_47' title='bbox 815 1182 958 1264; x_wconf 84' lang='lat' dir='ltr'>legenda</span> <span class='ocrx_word' id='word_1_48' title='bbox 974 1202 1062 1246; x_wconf 86' lang='lat' dir='ltr'>suae.</span> 
     </span>
     <span class='ocr_line' id='line_1_9' title="bbox 235 1294 1156 1377; baseline -0.002 -19"><span class='ocrx_word' id='word_1_49' title='bbox 235 1295 419 1377; x_wconf 87' lang='lat' dir='ltr'>Aspiceres</span> <span class='ocrx_word' id='word_1_50' title='bbox 435 1295 542 1358; x_wconf 92' lang='lat' dir='ltr'>nudos</span> <span class='ocrx_word' id='word_1_51' title='bbox 558 1294 628 1356; x_wconf 90' lang='lat' dir='ltr'>sine</span> <span class='ocrx_word' id='word_1_52' title='bbox 644 1294 773 1369; x_wconf 82' lang='lat' dir='ltr'>fronde,</span> <span class='ocrx_word' id='word_1_53' title='bbox 791 1296 862 1358; x_wconf 91' lang='lat' dir='ltr'>sine</span> <span class='ocrx_word' id='word_1_54' title='bbox 879 1295 996 1357; x_wconf 87' lang='lat' dir='ltr'>arbore</span> <span class='ocrx_word' id='word_1_55' title='bbox 1012 1314 1156 1376; x_wconf 89' lang='lat' dir='ltr'>campos.</span> 
     </span>
     <span class='ocr_line' id='line_1_10' title="bbox 283 1405 913 1470; baseline -0.003 0"><span class='ocrx_word' id='word_1_56' title='bbox 283 1409 361 1470; x_wconf 91' lang='lat' dir='ltr'>Heu</span> <span class='ocrx_word' id='word_1_57' title='bbox 378 1407 451 1470; x_wconf 89' lang='lat' dir='ltr'>loca</span> <span class='ocrx_word' id='word_1_58' title='bbox 467 1407 557 1470; x_wconf 85' lang='lat' dir='ltr'>felici</span> <span class='ocrx_word' id='word_1_59' title='bbox 571 1427 639 1469; x_wconf 94' lang='lat' dir='ltr'>non</span> <span class='ocrx_word' id='word_1_60' title='bbox 655 1406 810 1469; x_wconf 88' lang='lat' dir='ltr'>adeunda</span> <span class='ocrx_word' id='word_1_61' title='bbox 825 1405 913 1470; x_wconf 90' lang='lat' dir='ltr'>viro!</span> 
     </span>
     <span class='ocr_line' id='line_1_11' title="bbox 238 1518 1010 1600; baseline -0.003 -18"><span class='ocrx_word' id='word_1_62' title='bbox 238 1520 331 1600; x_wconf 87' lang='lat' dir='ltr'>Ergo</span> <span class='ocrx_word' id='word_1_63' title='bbox 347 1529 414 1582; x_wconf 82' lang='lat' dir='ltr'>tam</span> <span class='ocrx_word' id='word_1_64' title='bbox 431 1519 498 1582; x_wconf 88' lang='lat' dir='ltr'>late</span> <span class='ocrx_word' id='word_1_65' title='bbox 513 1528 628 1600; x_wconf 86' lang='lat' dir='ltr'>pateat</span> <span class='ocrx_word' id='word_1_66' title='bbox 643 1539 718 1582; x_wconf 92' lang='lat' dir='ltr'>cum</span> <span class='ocrx_word' id='word_1_67' title='bbox 735 1519 897 1581; x_wconf 86' lang='lat' dir='ltr'>maximus</span> <span class='ocrx_word' id='word_1_68' title='bbox 912 1518 1010 1593; x_wconf 88' lang='lat' dir='ltr'>orbis,</span> 
     </span>
     <span class='ocr_line' id='line_1_12' title="bbox 173 1630 1039 1712; baseline -0.001 -18"><span class='ocrx_word' id='word_1_69' title='bbox 173 1645 207 1694; x_wconf 91' lang='lat'>70</span> <span class='ocrx_word' id='word_1_70' title='bbox 281 1631 364 1694; x_wconf 83' lang='lat' dir='ltr'>haec</span> <span class='ocrx_word' id='word_1_71' title='bbox 381 1640 432 1694; x_wconf 87' lang='lat' dir='ltr'>est</span> <span class='ocrx_word' id='word_1_72' title='bbox 448 1630 482 1693; x_wconf 93' lang='lat' dir='ltr'>in</span> <span class='ocrx_word' id='word_1_73' title='bbox 498 1650 642 1712; x_wconf 89' lang='lat' dir='ltr'>poenam</span> <span class='ocrx_word' id='word_1_74' title='bbox 658 1640 746 1695; x_wconf 86' lang='lat' dir='ltr'>terra</span> <span class='ocrx_word' id='word_1_75' title='bbox 762 1640 894 1712; x_wconf 83' lang='lat' dir='ltr'>reperta</span> <span class='ocrx_word' id='word_1_76' title='bbox 910 1631 1039 1694; x_wconf 85' lang='lat' dir='ltr'>meam?</span> 
     </span>
    </p>
   </div>
   <div class='ocr_carea' id='block_1_3' title="bbox 644 1893 781 1919">
    <p class='ocr_par' dir='ltr' id='par_1_3' title="bbox 644 1893 781 1919">
     <span class='ocr_line' id='line_1_13' title="bbox 644 1893 781 1919; baseline -0.007 -7"><span class='ocrx_word' id='word_1_77' title='bbox 644 1893 781 1919; x_wconf 77' lang='lat'>—000—</span> 
     </span>
    </p>
   </div>
   <div class='ocr_carea' id='block_1_4' title="bbox 437 2113 986 2193">
    <p class='ocr_par' dir='ltr' id='par_1_4' title="bbox 437 2113 986 2193">
     <span class='ocr_line' id='line_1_14' title="bbox 437 2113 986 2193; baseline -0.002 -1"><span class='ocrx_word' id='word_1_78' title='bbox 437 2122 622 2193; x_wconf 92' lang='lat' dir='ltr'>XXXVI.</span> <span class='ocrx_word' id='word_1_79' title='bbox 660 2121 833 2192; x_wconf 88' lang='lat' dir='ltr'>OVID&#39;S</span> <span class='ocrx_word' id='word_1_80' title='bbox 862 2113 949 2191; x_wconf 88' lang='lat' dir='ltr'>LIF</span> <span class='ocrx_word' id='word_1_81' title='bbox 954 2119 986 2191; x_wconf 91' lang='lat' dir='ltr'>E</span> 
     </span>
    </p>
   </div>
   <div class='ocr_carea' id='block_1_5' title="bbox 175 2304 1352 3731">
    <p class='ocr_par' dir='ltr' id='par_1_5' title="bbox 175 2304 1352 3731">
     <span class='ocr_line' id='line_1_15' title="bbox 238 2304 1067 2388; baseline -0.005 -19"><span class='ocrx_word' id='word_1_82' title='bbox 238 2307 300 2371; x_wconf 85' lang='lat' dir='ltr'>lile</span> <span class='ocrx_word' id='word_1_83' title='bbox 316 2327 379 2388; x_wconf 83' lang='lat' dir='ltr'>ego</span> <span class='ocrx_word' id='word_1_84' title='bbox 395 2306 452 2388; x_wconf 90' lang='lat' dir='ltr'>qui</span> <span class='ocrx_word' id='word_1_85' title='bbox 468 2304 588 2368; x_wconf 83' lang='lat' dir='ltr'>fuerim</span> <span class='ocrx_word' id='word_1_86' title='bbox 605 2314 794 2368; x_wconf 90' lang='lat' dir='ltr'>tenerorum</span> <span class='ocrx_word' id='word_1_87' title='bbox 811 2304 901 2367; x_wconf 89' lang='lat' dir='ltr'>lusor</span> <span class='ocrx_word' id='word_1_88' title='bbox 917 2323 1067 2367; x_wconf 87' lang='lat' dir='ltr'>amorum</span> 
     </span>
     <span class='ocr_line' id='line_1_16' title="bbox 175 2417 1000 2500; baseline 0.002 -20"><span class='ocrx_word' id='word_1_89' title='bbox 175 2452 178 2457; x_wconf 95' lang='lat'><em>·</em></span> <span class='ocrx_word' id='word_1_90' title='bbox 282 2439 381 2500; x_wconf 91' lang='lat' dir='ltr'>quem</span> <span class='ocrx_word' id='word_1_91' title='bbox 397 2417 481 2500; x_wconf 87' lang='lat' dir='ltr'>legis</span> <span class='ocrx_word' id='word_1_92' title='bbox 497 2428 534 2480; x_wconf 92' lang='lat' dir='ltr'>ut</span> <span class='ocrx_word' id='word_1_93' title='bbox 549 2417 648 2492; x_wconf 73' lang='lat' dir='ltr'>noris</span> <span class='ocrx_word' id='word_1_94' title='bbox 667 2419 781 2498; x_wconf 83' lang='lat' dir='ltr'>accipe</span> <span class='ocrx_word' id='word_1_95' title='bbox 798 2417 982 2498; x_wconf 87' lang='lat' dir='ltr'>posteritas.</span> <span class='ocrx_word' id='word_1_96' title='bbox 998 2477 1000 2482; x_wconf 83' lang='lat'><em>.</em></span> 
     </span>
     <span class='ocr_line' id='line_1_17' title="bbox 239 2520 1352 2653; baseline -0.005 -58"><span class='ocrx_word' id='word_1_97' title='bbox 239 2531 355 2595; x_wconf 89' lang='lat' dir='ltr'>Sulmo</span> <span class='ocrx_word' id='word_1_98' title='bbox 372 2530 452 2593; x_wconf 90' lang='lat' dir='ltr'>mihi</span> <span class='ocrx_word' id='word_1_99' title='bbox 464 2531 572 2612; x_wconf 86' lang='lat' dir='ltr'>patria</span> <span class='ocrx_word' id='word_1_100' title='bbox 588 2539 639 2593; x_wconf 91' lang='lat' dir='ltr'>est</span> <span class='ocrx_word' id='word_1_101' title='bbox 652 2529 769 2611; x_wconf 87' lang='lat' dir='ltr'>gelidis</span> <span class='ocrx_word' id='word_1_102' title='bbox 786 2528 969 2592; x_wconf 90' lang='lat' dir='ltr'>uberrimus</span> <span class='ocrx_word' id='word_1_103' title='bbox 986 2527 1091 2603; x_wconf 64' lang='lat' dir='ltr'>undis</span> <span class='ocrx_word' id='word_1_104' title='bbox 1206 2520 1352 2653; x_wconf 48' lang='lat' dir='ltr'>{gthplm</span> 
     </span>
     <span class='ocr_line' id='line_1_18' title="bbox 282 2641 1289 2724; baseline -0.003 -20"><span class='ocrx_word' id='word_1_105' title='bbox 282 2642 371 2705; x_wconf 89' lang='lat' dir='ltr'>milia</span> <span class='ocrx_word' id='word_1_106' title='bbox 386 2644 442 2724; x_wconf 92' lang='lat' dir='ltr'>qui</span> <span class='ocrx_word' id='word_1_107' title='bbox 458 2641 595 2705; x_wconf 91' lang='lat' dir='ltr'>noviens</span> <span class='ocrx_word' id='word_1_108' title='bbox 611 2641 712 2704; x_wconf 86' lang='lat' dir='ltr'>distat</span> <span class='ocrx_word' id='word_1_109' title='bbox 727 2642 769 2704; x_wconf 85' lang='lat' dir='ltr'>ab</span> <span class='ocrx_word' id='word_1_110' title='bbox 785 2641 866 2703; x_wconf 88' lang='lat' dir='ltr'>urbe</span> <span class='ocrx_word' id='word_1_111' title='bbox 882 2641 1005 2704; x_wconf 89' lang='lat' dir='ltr'>decem.</span> <span class='ocrx_word' id='word_1_112' title='bbox 1206 2670 1255 2715; x_wconf 63' lang='lat' dir='ltr'>„d</span> <span class='ocrx_word' id='word_1_113' title='bbox 1279 2656 1289 2674; x_wconf 90' lang='lat'><strong>·</strong></span> 
     </span>
     <span class='ocr_line' id='line_1_19' title="bbox 196 2751 1122 2835; baseline -0.004 -17"><span class='ocrx_word' id='word_1_114' title='bbox 196 2774 210 2827; x_wconf 84' lang='lat'>5</span> <span class='ocrx_word' id='word_1_115' title='bbox 240 2754 358 2818; x_wconf 88' lang='lat' dir='ltr'>Editus</span> <span class='ocrx_word' id='word_1_116' title='bbox 374 2755 451 2817; x_wconf 91' lang='lat' dir='ltr'>hinc</span> <span class='ocrx_word' id='word_1_117' title='bbox 467 2774 531 2835; x_wconf 84' lang='lat' dir='ltr'>ego</span> <span class='ocrx_word' id='word_1_118' title='bbox 547 2773 630 2829; x_wconf 90' lang='lat' dir='ltr'>sum,</span> <span class='ocrx_word' id='word_1_119' title='bbox 647 2773 709 2816; x_wconf 92' lang='lat' dir='ltr'>nec</span> <span class='ocrx_word' id='word_1_120' title='bbox 725 2773 793 2815; x_wconf 93' lang='lat' dir='ltr'>non</span> <span class='ocrx_word' id='word_1_121' title='bbox 809 2761 845 2815; x_wconf 95' lang='lat' dir='ltr'>ut</span> <span class='ocrx_word' id='word_1_122' title='bbox 856 2761 1008 2834; x_wconf 89' lang='lat' dir='ltr'>tempora</span> <span class='ocrx_word' id='word_1_123' title='bbox 1022 2751 1122 2827; x_wconf 88' lang='lat' dir='ltr'>noris,</span> 
     </span>
     <span class='ocr_line' id='line_1_20' title="bbox 283 2864 962 2948; baseline -0.004 -19"><span class='ocrx_word' id='word_1_124' title='bbox 283 2886 358 2929; x_wconf 91' lang='lat' dir='ltr'>cum</span> <span class='ocrx_word' id='word_1_125' title='bbox 375 2865 492 2929; x_wconf 89' lang='lat' dir='ltr'>cecidit</span> <span class='ocrx_word' id='word_1_126' title='bbox 507 2867 579 2929; x_wconf 81' lang='lat' dir='ltr'>fato</span> <span class='ocrx_word' id='word_1_127' title='bbox 595 2865 711 2928; x_wconf 91' lang='lat' dir='ltr'>consul</span> <span class='ocrx_word' id='word_1_128' title='bbox 727 2874 866 2948; x_wconf 86' lang='lat' dir='ltr'>uterque</span> <span class='ocrx_word' id='word_1_129' title='bbox 882 2864 962 2946; x_wconf 91' lang='lat' dir='ltr'>pari.</span> 
     </span>
     <span class='ocr_line' id='line_1_21' title="bbox 241 2954 1175 3060; baseline -0.001 -19"><span class='ocrx_word' id='word_1_130' title='bbox 241 2977 277 3042; x_wconf 90' lang='lat' dir='ltr'>Si</span> <span class='ocrx_word' id='word_1_131' title='bbox 293 2954 371 3060; x_wconf 89' lang='lat' dir='ltr'>quid</span> <span class='ocrx_word' id='word_1_132' title='bbox 387 2980 421 3040; x_wconf 94' lang='lat' dir='ltr'>id</span> <span class='ocrx_word' id='word_1_133' title='bbox 436 2988 496 3053; x_wconf 90' lang='lat' dir='ltr'>est,</span> <span class='ocrx_word' id='word_1_134' title='bbox 513 2998 619 3059; x_wconf 90' lang='lat' dir='ltr'>usque</span> <span class='ocrx_word' id='word_1_135' title='bbox 635 2998 654 3039; x_wconf 86' lang='lat' dir='ltr'>a</span> <span class='ocrx_word' id='word_1_136' title='bbox 670 2977 801 3058; x_wconf 88' lang='lat' dir='ltr'>proavis</span> <span class='ocrx_word' id='word_1_137' title='bbox 817 2986 914 3041; x_wconf 90' lang='lat' dir='ltr'>vetus</span> <span class='ocrx_word' id='word_1_138' title='bbox 928 2975 1052 3039; x_wconf 90' lang='lat' dir='ltr'>ordinis</span> <span class='ocrx_word' id='word_1_139' title='bbox 1069 2976 1175 3052; x_wconf 68' lang='lat' dir='ltr'>heres</span> 
     </span>
     <span class='ocr_line' id='line_1_22' title="bbox 283 3091 1038 3171; baseline -0.003 -17"><span class='ocrx_word' id='word_1_140' title='bbox 283 3112 348 3154; x_wconf 91' lang='lat' dir='ltr'>non</span> <span class='ocrx_word' id='word_1_141' title='bbox 366 3092 464 3154; x_wconf 91' lang='lat' dir='ltr'>modo</span> <span class='ocrx_word' id='word_1_142' title='bbox 480 3092 635 3154; x_wconf 85' lang='lat' dir='ltr'>fortunae</span> <span class='ocrx_word' id='word_1_143' title='bbox 651 3109 787 3154; x_wconf 91' lang='lat' dir='ltr'>munere</span> <span class='ocrx_word' id='word_1_144' title='bbox 802 3091 912 3153; x_wconf 84' lang='lat' dir='ltr'>factus</span> <span class='ocrx_word' id='word_1_145' title='bbox 928 3110 1038 3171; x_wconf 92' lang='lat' dir='ltr'>eques.</span> 
     </span>
     <span class='ocr_line' id='line_1_23' title="bbox 242 3203 1160 3285; baseline -0.003 -19"><span class='ocrx_word' id='word_1_146' title='bbox 242 3204 314 3266; x_wconf 91' lang='lat' dir='ltr'>Nec</span> <span class='ocrx_word' id='word_1_147' title='bbox 331 3203 430 3285; x_wconf 89' lang='lat' dir='ltr'>stirps</span> <span class='ocrx_word' id='word_1_148' title='bbox 447 3203 553 3284; x_wconf 88' lang='lat' dir='ltr'>prima</span> <span class='ocrx_word' id='word_1_149' title='bbox 569 3203 628 3265; x_wconf 84' lang='lat' dir='ltr'>fui.</span> <span class='ocrx_word' id='word_1_150' title='bbox 676 3204 796 3267; x_wconf 92' lang='lat' dir='ltr'>Genito</span> <span class='ocrx_word' id='word_1_151' title='bbox 813 3222 885 3264; x_wconf 90' lang='lat' dir='ltr'>sum</span> <span class='ocrx_word' id='word_1_152' title='bbox 902 3203 1004 3265; x_wconf 84' lang='lat' dir='ltr'>fratre</span> <span class='ocrx_word' id='word_1_153' title='bbox 1021 3210 1160 3276; x_wconf 83' lang='lat' dir='ltr'>creatus,</span> 
     </span>
     <span class='ocr_line' id='line_1_24' title="bbox 184 3313 1074 3396; baseline -0.001 -19"><span class='ocrx_word' id='word_1_154' title='bbox 184 3342 214 3377; x_wconf 91' lang='lat'>10</span> <span class='ocrx_word' id='word_1_155' title='bbox 284 3315 340 3396; x_wconf 92' lang='lat' dir='ltr'>qui</span> <span class='ocrx_word' id='word_1_156' title='bbox 355 3315 460 3377; x_wconf 89' lang='lat' dir='ltr'>tribus</span> <span class='ocrx_word' id='word_1_157' title='bbox 476 3324 553 3378; x_wconf 87' lang='lat' dir='ltr'>ante</span> <span class='ocrx_word' id='word_1_158' title='bbox 570 3323 686 3395; x_wconf 86' lang='lat' dir='ltr'>quater</span> <span class='ocrx_word' id='word_1_159' title='bbox 702 3313 871 3377; x_wconf 90' lang='lat' dir='ltr'>mensibus</span> <span class='ocrx_word' id='word_1_160' title='bbox 888 3323 979 3376; x_wconf 93' lang='lat' dir='ltr'>ortus</span> <span class='ocrx_word' id='word_1_161' title='bbox 994 3323 1074 3376; x_wconf 86' lang='lat' dir='ltr'>erat.</span> 
     </span>
     <span class='ocr_line' id='line_1_25' title="bbox 243 3425 986 3500; baseline -0.004 -12"><span class='ocrx_word' id='word_1_162' title='bbox 243 3427 379 3490; x_wconf 84' lang='lat' dir='ltr'>Lucifer</span> <span class='ocrx_word' id='word_1_163' title='bbox 395 3427 566 3489; x_wconf 89' lang='lat' dir='ltr'>amborum</span> <span class='ocrx_word' id='word_1_164' title='bbox 582 3426 749 3489; x_wconf 84' lang='lat' dir='ltr'>natalibus</span> <span class='ocrx_word' id='word_1_165' title='bbox 765 3425 873 3488; x_wconf 85' lang='lat' dir='ltr'>adfuit</span> <span class='ocrx_word' id='word_1_166' title='bbox 888 3425 986 3500; x_wconf 87' lang='lat' dir='ltr'>idern,</span> 
     </span>
     <span class='ocr_line' id='line_1_26' title="bbox 285 3537 946 3619; baseline -0.002 -18"><span class='ocrx_word' id='word_1_167' title='bbox 285 3559 351 3601; x_wconf 91' lang='lat' dir='ltr'>una</span> <span class='ocrx_word' id='word_1_168' title='bbox 367 3540 532 3602; x_wconf 87' lang='lat' dir='ltr'>celebrata</span> <span class='ocrx_word' id='word_1_169' title='bbox 548 3547 599 3601; x_wconf 90' lang='lat' dir='ltr'>est</span> <span class='ocrx_word' id='word_1_170' title='bbox 611 3558 671 3619; x_wconf 94' lang='lat' dir='ltr'>per</span> <span class='ocrx_word' id='word_1_171' title='bbox 682 3538 748 3600; x_wconf 93' lang='lat' dir='ltr'>duo</span> <span class='ocrx_word' id='word_1_172' title='bbox 765 3537 831 3600; x_wconf 89' lang='lat' dir='ltr'>liba</span> <span class='ocrx_word' id='word_1_173' title='bbox 847 3537 927 3600; x_wconf 88' lang='lat' dir='ltr'>dies.</span> <span class='ocrx_word' id='word_1_174' title='bbox 942 3552 946 3560; x_wconf 84' lang='grc'><strong>’</strong></span> 
     </span>
     <span class='ocr_line' id='line_1_27' title="bbox 244 3649 1130 3731; baseline -0.003 -18"><span class='ocrx_word' id='word_1_175' title='bbox 244 3653 339 3715; x_wconf 81' lang='lat' dir='ltr'>Haec</span> <span class='ocrx_word' id='word_1_176' title='bbox 357 3661 407 3714; x_wconf 90' lang='lat' dir='ltr'>est</span> <span class='ocrx_word' id='word_1_177' title='bbox 424 3651 599 3714; x_wconf 84' lang='lat' dir='ltr'>armiferae</span> <span class='ocrx_word' id='word_1_178' title='bbox 616 3651 710 3714; x_wconf 84' lang='lat' dir='ltr'>festis</span> <span class='ocrx_word' id='word_1_179' title='bbox 727 3650 767 3712; x_wconf 89' lang='lat' dir='ltr'>de</span> <span class='ocrx_word' id='word_1_180' title='bbox 784 3651 930 3731; x_wconf 91' lang='lat' dir='ltr'>quinque</span> <span class='ocrx_word' id='word_1_181' title='bbox 949 3649 1130 3724; x_wconf 90' lang='lat' dir='ltr'>Minervae,</span> 
     </span>
    </p>
   </div>
   <div class='ocr_carea' id='block_1_6' title="bbox 285 3761 970 3847">
    <p class='ocr_par' dir='ltr' id='par_1_6' title="bbox 285 3761 970 3847">
     <span class='ocr_line' id='line_1_28' title="bbox 285 3761 970 3847; baseline -0.007 -20"><span class='ocrx_word' id='word_1_182' title='bbox 285 3784 369 3847; x_wconf 90' lang='lat' dir='ltr'>quae</span> <span class='ocrx_word' id='word_1_183' title='bbox 385 3763 455 3827; x_wconf 88' lang='lat' dir='ltr'>fieri</span> <span class='ocrx_word' id='word_1_184' title='bbox 472 3783 586 3845; x_wconf 83' lang='lat' dir='ltr'>pugna</span> <span class='ocrx_word' id='word_1_185' title='bbox 603 3764 709 3844; x_wconf 89' lang='lat' dir='ltr'>prima</span> <span class='ocrx_word' id='word_1_186' title='bbox 725 3770 862 3824; x_wconf 83' lang='lat' dir='ltr'>cruenta</span> <span class='ocrx_word' id='word_1_187' title='bbox 879 3761 970 3823; x_wconf 91' lang='lat' dir='ltr'>solet.</span> 
     </span>
    </p>
   </div>
   <div class='ocr_carea' id='block_1_7' title="bbox 0 0 1502 4368">
    <p class='ocr_par' dir='ltr' id='par_1_7' title="bbox 0 0 1502 4368">
     <span class='ocr_line' id='line_1_29' title="bbox 0 0 1502 4368; baseline 0 0"><span class='ocrx_word' id='word_1_188' title='bbox 0 0 1502 4368; x_wconf 95' lang='lat' dir='ltr'> </span> 
     </span>
    </p>
   </div>
  </div>
 </body>
</html>
