2996 4368
594 336 731 394 OVlD’S
761 336 846 393 LlFE

258 516 456 601 Oblitusque
473 519 537 583 mei
553 518 738 602 ductaeque
755 539 815 601 per
830 518 898 583 otia
914 518 1002 584 vitae

299 630 431 694 insolita
446 631 522 714 cepi
537 633 697 713 temporis
714 651 807 694 arma
824 652 935 708 manu,

201 764 246 817 105
256 751 370 825 totque
385 743 446 806 tuli
462 763 559 807 casus
574 743 762 826 pelagoque
778 753 931 828 terraque
948 754 1029 828 quot
1044 746 1131 810 inter

298 854 464 918 occultum
480 855 596 920 stellae
612 857 897 940 conspicuumque
914 857 1037 940 polum.

255 967 361 1031 Tacta
376 966 457 1030 mihi
472 967 607 1032 tandem
624 968 732 1050 longis
747 969 912 1033 erroribus
928 979 1003 1033 acto

298 1079 411 1143 iuncta
426 1080 628 1162 pharetratis
645 1081 807 1146 Sarmatis
823 1102 881 1145 ora
897 1082 1000 1146 Getis.

257 1191 323 1255 Hic
339 1211 403 1274 ego
419 1192 566 1257 finitimis
582 1195 734 1276 quamvis
751 1193 975 1258 circumsoner
990 1193 1100 1271 armis

200 1336 245 1372 110
298 1304 412 1382 tristia,
431 1326 497 1388 quo
514 1321 658 1387 possum,
676 1307 823 1370 carmine
838 1308 910 1370 fata
925 1307 1008 1371 lev0.

256 1417 356 1499 Quod
372 1417 523 1500 quamvis
539 1438 638 1482 nemo
653 1428 705 1482 est
720 1420 814 1482 cuius
830 1420 994 1483 referatur
1009 1419 1052 1482 ad
1068 1420 1165 1496 auris,
1220 1439 1257 1487 110

299 1529 346 1592 sie
361 1539 473 1594 tamen
489 1530 628 1595 absumo
644 1530 841 1613 decipioque
857 1531 954 1595 diem.
1220 1513 1340 1637 {322ss

257 1642 349 1723 Ergo
364 1642 452 1725 quod
467 1644 544 1706 vivo
559 1642 716 1726 durisque
732 1642 898 1707 laboribus
914 1643 1020 1720 obst0‚
1183 1659 1186 1666 '
1221 1665 1287 1712 vnn

299 1773 361 1817 nec
378 1774 431 1817 me
447 1754 606 1819 sollicitae
622 1754 733 1819 taedia
748 1755 831 1819 lucis
847 1755 980 1831 habent,
1222 1738 1326 1798 '‘¹³¹'‘

198 1898 244 1950 ης
255 1865 373 1946 gratia,
392 1868 501 1943 Musa,
519 1867 586 1930 tibi.
635 1868 724 1930 Nam
740 1876 776 1930 tu
792 1867 916 1931 solacia
932 1868 1082 1949 praebes

300 1987 336 2040 tu
349 1998 447 2042 curae
463 1979 604 2061 requies,
622 1988 658 2042 tu
675 1979 839 2043 medicina
854 1981 957 2042 venis.

256 2090 310 2152 Tu
325 2089 392 2152 dux
407 2099 440 2154 et
456 2109 568 2161 comes
584 2111 629 2167 es,
647 2101 683 2155 tu
699 2111 760 2154 nos
776 2090 913 2154 abducis
929 2091 971 2154 ab
989 2090 1106 2168 Histro

299 2199 334 2263 in
350 2201 525 2285 medioque
541 2202 622 2265 mihi
638 2203 698 2266 das
717 2203 882 2267 Helicone
898 2204 1016 2267 locum.

256 2313 309 2375 Tu
326 2311 415 2388 mihi,
433 2312 521 2395 quod
537 2333 647 2376 rarum
664 2324 725 2389 est,
742 2315 817 2378 vivo
834 2313 975 2377 sublime
991 2313 1111 2378 dedisti

199 2455 247 2490 120
300 2444 431 2501 nomen,
449 2425 491 2488 ab
507 2425 671 2508 exsequiis
687 2425 776 2508 quod
792 2425 872 2489 dare
887 2426 979 2488 lama
994 2426 1087 2489 solet.

258 2536 332 2599 Nec
348 2537 405 2619 qui
420 2537 583 2601 detrectat
598 2537 797 2618 praesentia,
817 2537 918 2601 Livor
933 2537 1046 2621 iniquo

301 2647 402 2711 ullum
419 2648 461 2712 de
477 2651 599 2722 nostris
614 2650 716 2713 dente
733 2650 911 2714 momordit
927 2669 1020 2731 opus.

258 2760 347 2823 Nam
363 2761 499 2824 tulerint
514 2781 654 2843 magnos
670 2781 746 2824 cum
763 2763 897 2825 saecula
914 2772 1027 2824 nostra
1043 2770 1169 2843 poetas

300 2892 368 2935 non
384 2873 448 2937 fuit
463 2872 597 2955 ingenio
614 2874 706 2936 lama
722 2872 869 2955 maligna
884 2893 967 2937 meo.

199 3010 247 3062 125
258 2982 411 3067 Cumque
421 3005 484 3067 ego
498 3005 702 3068 praeponam
715 2985 836 3049 multos
849 2984 939 3061 mihi,
947 3005 1014 3048 non
1025 2984 1132 3048 minor
1143 2983 1207 3047 illis

302 3095 393 3161 dicor
407 3106 441 3161 et
455 3098 489 3159 in
506 3106 574 3162 toto
591 3097 752 3180 plurimus
768 3097 847 3162 orbe
864 3097 965 3179 legor.

259 3207 295 3272 Si
311 3208 389 3291 quid
405 3209 531 3273 habent
546 3209 646 3291 igitur
661 3218 775 3272 vatum
791 3210 967 3290 praesagia
982 3208 1061 3284 veri,

302 3321 453 3402 protinus
468 3331 505 3383 ut
520 3320 649 3397 moriar,
668 3342 734 3384 non
751 3341 816 3396 ero,
833 3330 930 3396 terra,
948 3330 1034 3385 tuus,

259 3431 337 3495 Sive
352 3432 468 3496 favore
485 3432 545 3496 tuli
561 3432 630 3495 sive
647 3432 733 3496 hanc
750 3452 814 3513 ego
830 3432 977 3496 carmine
993 3432 1130 3508 lamam,

200 3579 249 3630 130
301 3543 372 3607 iure
387 3543 447 3606 tibi
462 3544 574 3626 gratie,
592 3544 733 3608 candide
749 3544 860 3620 lector,
878 3564 952 3626 ago.
