2996 4368
336 379 403 428 122
535 369 786 427 SELECTIONS
812 369 934 426 'From
965 368 1069 426 OVID

333 552 513 635 Excipiunt
528 552 681 616 lacrimas
698 553 805 635 sparsi
821 572 881 635 per
896 552 982 616 colla
998 550 1118 633 capilli,

373 685 498 748 oraque
514 667 661 746 singultu
677 665 885 728 concutiente
902 673 1030 728 sonant.

331 777 457 840 Fratris
473 779 507 839 in
523 778 661 841 Aeneae
678 779 724 840 sic
740 777 832 839 illum
848 776 966 839 funere
982 776 1096 839 dicunt

373 909 545 971 egressum
562 889 667 966 tectis,
685 890 824 971 pulcher
842 889 922 965 Iule,
940 887 1014 950 tuis.

332 1003 403 1064 Nee
421 1001 529 1064 minus
546 1011 596 1066 est
612 1002 754 1065 confusa
769 1002 885 1064 Venus
901 1002 1062 1063 moriente
1078 998 1211 1063 Tibullo
1310 1023 1340 1078 ις

327 1101 329 1106 ’
373 1134 472 1196 quam
488 1114 600 1178 iuveni
615 1115 704 1196 rupit
720 1134 794 1177 cum
811 1113 903 1176 ferus
919 1113 1042 1194 inguen
1059 1131 1148 1193 aper.

330 1226 379 1289 At
395 1228 480 1289 sacri
495 1236 589 1290 vates
606 1236 639 1289 et
654 1226 767 1289 divum
784 1245 864 1288 cura
878 1244 1053 1301 vocamur;

373 1346 449 1398 sunt
466 1336 565 1399 etiam
582 1338 639 1419 qui
655 1357 716 1400 nos
732 1356 855 1400 numen
873 1337 997 1401 habere
1015 1348 1141 1420 putent.

331 1449 465 1514 Scilicet
480 1468 578 1512 omne
595 1468 725 1511 sacrum
741 1468 830 1510 mors
846 1449 1036 1529 importuna
1051 1447 1217 1529 profanat,

374 1560 527 1624 omnibus
543 1560 702 1624 obscuras
718 1560 810 1622 inicit
825 1559 882 1622 illa
898 1579 1025 1622 manus.
1310 1584 1341 1619 20

331 1672 422 1755 Quid
438 1682 532 1755 pater
550 1673 698 1749 Ismario,
717 1673 795 1754 quid
812 1681 917 1736 mater
934 1671 1059 1754 profuit
1076 1671 1237 1753 Orpheo?

374 1785 529 1875 Carmine
546 1785 625 1866 quid
640 1784 745 1847 victas
764 1783 974 1864 obstupuisse
991 1780 1103 1844 feras?

331 1898 476 1960 Aelinon
492 1899 526 1959 in
543 1897 633 1959 silvis
649 1897 735 1959 idern
753 1904 856 1976 pater,
874 1893 1006 1956 aelinon
1022 1891 1097 1954 altis

375 2008 493 2071 dicitur
509 2007 612 2071 invita
627 2007 836 2070 concinuisse
852 2007 932 2090 lyra.

332 2120 440 2183 Adice
458 2120 668 2195 Maeoniden,
686 2139 796 2200 aquo,
814 2138 876 2180 ceu
891 2117 984 2179 fonte
1001 2115 1149 2198 perenni,
1311 2137 1343 2190 25

375 2241 488 2294 vatum
506 2231 619 2295 Pieriis
635 2251 693 2293 ora
707 2232 859 2311 rigantur
874 2230 986 2311 aquis;

331 2345 420 2407 hunc
440 2364 571 2426 quoque
591 2363 720 2406 summa
741 2342 812 2406 dies
828 2341 923 2423 nigro
940 2339 1118 2403 submersit
1133 2339 1280 2402 Averno.

376 2455 570 2537 Diffugiunt
584 2456 699 2518 avidos
715 2454 861 2518 carmina
878 2455 948 2517 sola
963 2473 1072 2534 rogos,
1226 2439 1228 2443 ⁵

332 2569 442 2631 Durat
457 2588 541 2650 opus
557 2577 679 2643 vatum,
697 2567 833 2631 Troiani
849 2567 940 2630 fama
956 2565 1087 2641 laboris,

375 2680 536 2760 tardaque
551 2689 713 2743 nocturno
731 2679 798 2742 tela
813 2688 940 2742 retexta
956 2678 1042 2740 dolo.
1158 2695 1160 2700 ’
1310 2693 1344 2744 30

333 2793 388 2856 Sic
407 2792 560 2854 Nemesis
576 2792 722 2872 longum,
741 2792 787 2854 sic
806 2792 904 2854 Delia
919 2809 1041 2853 nomen
1057 2787 1237 2864 habebunt,

376 2904 479 2966 altera
494 2923 574 2966 cura
590 2923 715 2978 recens,
732 2903 836 2965 altera
853 2903 978 2984 primus
994 2920 1096 2964 amor.
1198 2907 1201 2918 '

334 3015 418 3079 Cum
433 3017 568 3096 rapiunt
584 3015 672 3078 mala
688 3015 759 3077 fata
775 3014 880 3076 bonos
895 3013 1072 3094 (ignoscite
1090 3009 1205 3093 fasso),

377 3126 534 3189 sollicitor
549 3127 658 3190 nullos
675 3147 747 3189 esse
764 3135 881 3206 putare
898 3125 987 3187 deos.
1079 3177 1081 3181 ,

333 3237 418 3300 Vive
435 3238 527 3319 pius;
553 3238 693 3301 moriere
710 3239 792 3319 pius
841 3237 921 3301 Coie
938 3257 1049 3311 sacra;
1075 3235 1238 3297 colentem
1311 3250 1344 3302 35

377 3369 467 3411 mors
483 3351 595 3430 gravis
611 3371 631 3412 a
646 3351 779 3431 templis
795 3349 828 3411 in
845 3369 927 3411 cava
942 3347 1040 3410 busta
1055 3347 1172 3409 trahet.

335 3460 546 3525 Carminibus
562 3462 691 3525 confide
707 3460 822 3537 bonis;
847 3461 932 3523 iacet
948 3480 1026 3522 ecce
1042 3458 1205 3532 Tibullus,

377 3572 431 3635 vix
447 3582 560 3636 manet
575 3594 593 3636 e
609 3582 678 3637 toto
695 3594 798 3654 parva
815 3573 903 3654 quod
920 3592 1003 3634 urna
1019 3571 1116 3651 capit.

334 3685 438 3759 Tene,
456 3705 550 3747 sacer
564 3695 667 3760 vates,
684 3684 838 3747 flammae
854 3704 994 3765 rapuere
1011 3683 1152 3763 rogales,

379 3795 569 3880 pectoribus
586 3798 677 3879 pasci
694 3816 754 3858 nec
771 3796 910 3861 timuere
926 3795 1014 3859 tuis?
