2948 4368
560 295 793 368 puniirnou
1100 314 1147 390 29

196 494 402 556 Dissuadere
418 493 503 555 licet.
552 493 629 555 Non
646 503 697 556 est
713 502 769 555 tua
784 500 857 555 trita
872 492 1036 555 voluntas.

170 675 172 678 Α
197 607 327 687 Magna
342 605 437 686 petis
456 599 638 680 Phaethon,
655 613 689 668 et
705 625 790 688 quae
806 625 868 668 nec
883 603 1007 667 viribus
1023 605 1094 668 istis

182 725 336 780 'munera
352 717 562 792 conveniant,
579 736 640 780 nec
657 726 725 780 tam
742 716 923 799 puerilibus
939 726 1045 780 annis.

142 854 175 909 55
196 830 278 894 Sors
294 839 351 892 tua
367 829 533 906 mortalis3
558 837 625 892 non
641 838 693 893 est
709 829 848 892 mortale
865 829 954 911 quod
971 835 1077 911 optas.

197 942 278 1004 Plirs
294 943 393 1004 etiam
409 961 509 1023 quarn
526 941 615 1023 quod
632 951 762 1023 superis
779 941 974 1023 contingere
990 942 1043 1006 fas
1058 945 1102 1009 sit

196 1055 330 1116 nescius
345 1054 505 1117 adfectas.
554 1054 687 1117 Placeat
704 1053 767 1116 sibi
783 1053 923 1136 quisque
939 1053 1068 1130 licebit3

196 1174 265 1228 non
281 1175 393 1228 tamen
409 1165 552 1247 ignifero
568 1165 743 1248 quisquam
761 1165 942 1230 consistere
958 1167 991 1229 in
1008 1187 1069 1230 axe

196 1285 252 1338 me
268 1278 355 1340 valet
371 1286 520 1358 excepto.
566 1279 662 1341 Vasti
677 1298 809 1360 quoque
825 1285 934 1341 rector
949 1278 1096 1364 Olympi,

142 1403 177 1453 60
195 1399 255 1472 qui
270 1390 343 1452 fera
358 1389 494 1452 terribili
512 1389 673 1452 iaculatur
688 1390 830 1452 fulmina
845 1391 969 1466 dextra,

197 1511 266 1565 non
283 1511 362 1583 agat
379 1503 439 1564 hos
451 1509 576 1565 currus.
608 1503 651 1565 Et
663 1503 742 1585 quid
756 1504 836 1566 Iove
848 1505 954 1565 maius
967 1502 1149 1566 habemus?

245 1614 393 1677 “Ardua
408 1624 514 1696 prima
529 1617 583 1677 via
599 1624 657 1691 est,
675 1624 709 1679 et
725 1623 790 1698 qua
805 1619 860 1677 vix
875 1623 973 1679 mane
989 1622 1140 1679 recentes
1177 1617 1230 1664 1¹¹0

198 1735 371 1789 enituntur
385 1737 479 1809 equi;
505 1710 615 1791 medio
631 1737 682 1790 est
698 1727 858 1790 altissima
874 1727 975 1801 caelo,
1177 1693 1291 1752 pangere

198 1839 290 1902 unde
306 1859 397 1901 mare
413 1849 446 1902 et
460 1847 566 1902 terras
582 1841 647 1922 ipsi
662 1839 742 1903 mihi
758 1860 860 1921 saepe
874 1839 988 1903 videre

145 1973 178 2038 ⁶5
200 1953 239 2014 fit
253 1953 361 2026 timor,
378 1961 411 2014 et
426 1953 547 2034 pavida
564 1952 707 2034 trepidat
723 1952 899 2015 formidine
916 1962 1052 2034 pectus;

200 2063 318 2126 ultima
334 2072 439 2145 prona
453 2065 507 2127 via
522 2074 582 2140 est,
601 2073 635 2127 et
650 2073 727 2146 eget
742 2063 966 2127 moderamine
983 2072 1092 2139 certo;

198 2187 281 2240 tunc
297 2176 397 2240 etiam
414 2197 499 2259 quae
515 2185 569 2240 me
585 2177 741 2240 subiectis
757 2175 879 2259 excipit
895 2177 1002 2251 undis,

198 2297 243 2353 ne
259 2290 349 2353 ferar
364 2289 398 2351 in
415 2267 586 2371 praeceps
605 2289 734 2373 Tethys
750 2289 835 2352 solet
851 2259 924 2370 ipsa
939 2296 1055 2352 vereri.

200 2403 302 2466 Adde
318 2402 406 2484 quod
422 2402 561 2465 adsidua
577 2402 703 2483 rapitur
718 2400 881 2481 vertigine
897 2400 1036 2476 caelum,

148 2544 180 2593 70
201 2515 377 2596 sideraque
393 2515 460 2577 alta
476 2514 577 2576 trahit
593 2514 756 2596 celerique
772 2514 939 2576 volumine
955 2521 1096 2594 torquet.

201 2627 301 2690 Nitor
316 2626 349 2688 in
365 2627 541 2690 adversum
558 2646 620 2689 nec
637 2633 699 2701 me,
717 2634 774 2707 qui
789 2633 907 2700 cetera,
924 2625 1027 2688 vincit

200 2739 357 2821 impetus,
374 2749 408 2803 et
423 2739 542 2821 rapido
558 2737 742 2802 contrarius
759 2738 881 2801 evehor
896 2737 976 2800 orbi.

246 2851 381 2934 “Finge
393 2852 488 2915 datos
501 2859 616 2915 curnis
627 2872 634 2928 ;
646 2849 724 2932 quid
736 2850 835 2931 ages?
856 2831 1026 2912 Poterisne
1038 2855 1154 2912 rotatis

201 2963 320 3027 obvius
334 2974 383 3027 ire
398 2965 492 3046 polis,
510 2971 553 3026 ne
568 2971 602 3026 te
617 2963 702 3026 citus
719 2963 850 3026 auferat
865 2962 958 3025 axis?

148 3103 181 3158 75
202 3075 356 3139 Forsitan
374 3085 408 3139 et
424 3077 515 3139 lucos
531 3075 596 3138 illic
613 3076 768 3158 urbisque
784 3075 921 3138 deorum

202 3187 370 3269 concipias
386 3188 505 3265 animo,
524 3187 728 3270 delubraque
744 3188 826 3250 ditia
841 3187 937 3249 donis

202 3301 299 3364 esse?
344 3301 407 3364 Per
420 3299 562 3364 insidias'
573 3300 635 3364 iter
650 3309 701 3363 est
716 3301 907 3381 formasque
924 3299 1080 3362 ferarum.

203 3413 319 3495 thue
335 3415 422 3475 viam
438 3420 553 3476 teneas
569 3413 726 3494 nulloque
742 3419 852 3475 errore
867 3411 1018 3487 traharis,

203 3545 263 3607 per
278 3533 390 3588 tamen
406 3525 536 3588 adversi
551 3524 711 3606 gradieris
728 3543 852 3587 cornua
867 3525 979 3598 Tauri,

152 3653 185 3704 80
206 3635 479 3719 Haemoniosque
495 3644 601 3711 arcus,
618 3635 820 3717 violentique
835 3642 893 3697 ora
911 3633 1043 3709 Leonis,

204 3768 371 3830 saevaque
387 3749 524 3812 circuitu
542 3756 735 3812 curvantem
751 3745 908 3810 bracchia
924 3747 1025 3828 longo
