2948 4368
129 2868 259 2916 Antium

129 2943 264 2990 addressss

130 3017 205 3064 ceres

323 309 368 379 62
504 319 754 377 sanacnons
784 320 902 376 mon
932 319 1036 376 ovn)
1084 367 1089 374 .

322 503 490 566 Fertilitas
505 512 613 566 terrae
629 503 733 565 latum
749 502 886 583 vulgata
902 522 961 583 per
977 501 1090 565 orbem
1287 514 1333 568 ¹²5

319 616 406 678 falsa
420 617 516 678 iacet.
565 615 682 677 Primis
697 623 829 695 segetes
846 613 1030 677 moriuntur
1046 613 1079 676 in
1096 612 1216 688 herbis,

319 719 467 791 et'modo
483 727 533 790 sol
549 727 679 801 nimius,
696 727 817 788 nimius
833 726 932 788 modo
948 725 1083 807 corripit
1099 724 1203 787 imber
1219 745 1227 801 ;

209 830 212 838 ’
320 839 494 921 sideraque
509 839 668 920 ventique
683 846 813 912 nocent,
831 838 1013 919 avidaeque
1023 838 1180 901 'volucres

264 1001 268 1010 .
320 951 548 1015 seminaviacta
564 951 689 1032 legunt.
739 949 870 1012 Lolium
886 925 1064 1031 tribulique
1079 948 1224 1031 fatigant

320 1062 464 1128 triticeas
480 1061 596 1128 messis
612 1070 645 1126 et
660 1061 920 1144 inexpugnabile
937 1082 1085 1143 gramen,
1284 1084 1331 1137 130

688 2385 809 2423 sucrum
827 2387 903 2424 nnow

756 2471 831 2522 (cem)

365 2623 452 2697 Tum
468 2640 570 2713 eaput
586 2629 676 2694 Eleis
693 2629 857 2711 Alpheias
873 2631 989 2696 extulit
1004 2633 1102 2695 undis

322 2744 529 2826 rorantisque
545 2761 658 2805 eomas
673 2761 693 2804 a
709 2742 820 2807 fronte
835 2743 975 2807 removit
990 2744 1136 2807 ad'auris

322 2867 422 2939 atque
438 2855 492 2931 ait,
512 2854 571 2918 “O
588 2862 659 2917 toto
676 2854 847 2936 quaesitae
863 2854 1001 2936 virginis
1017 2855 1097 2919 orbe

321 2978 355 3033 et
370 2969 508 3048 frugum
523 2966 681 3047 genetrix,
699 2964 878 3028 immensos
894 2967 973 3030 siste
989 2967 1127 3042 labores,

303 3063 406 3143 heve
422 3079 481 3141 tibi
497 3078 583 3140 lidae
598 3077 744 3140 violenta
758 3077 900 3141 irascere
916 3079 1042 3141 terrae!
1110 3079 1113 3086 ’
1287 3096 1333 3150 135

322 3194 426 3256 Terra
441 3191 524 3252 nihil
540 3189 668 3265 meruit,
687 3188 859 3271 patuitque
876 3188 979 3252 invita
993 3191 1139 3271 rapinae.

324 3303 397 3366 Nec
413 3322 486 3365 sum
503 3321 563 3383 pro
579 3295 687 3383 patria
703 3301 862 3382 supplex3
887 3302 952 3364 huc
969 3301 1103 3384 hospita
1117 3301 1202 3365 veni.

323 3415 398 3478 Pisa
414 3413 495 3476 mihi
510 3411 617 3495 patria
633 3421 692 3488 est,
710 3421 744 3474 et
760 3412 801 3475 ab
819 3412 915 3475 Elide
930 3413 1081 3476 ducimus
1097 3423 1205 3490 ortus;

206 3543 215 3558 ·
323 3526 489 3592 Sicaniam
508 3523 683 3607 peregrina
699 3524 781 3586 colo.
830 3524 896 3587 Sed
912 3526 1036 3605 gratior
1052 3524 1142 3588 omni

322 3641 405 3703 haee
422 3638 502 3700 mihi
517 3647 605 3699 terra
620 3635 691 3699 solo
711 3645 770 3698 est,
819 3637 892 3698 Hos
913 3657 1002 3699 nunc
1023 3637 1195 3701 Arethusa
1218 3639 1273 3700 Pe-

408 3748 505 3824 natis
1288 3769 1334 3817 140
