2972 4358
265 353 330 428 172
469 346 720 406 SELECTIONS
750 347 868 405 FROM
899 346 1003 405 OVID

262 531 320 594 sed
336 532 429 594 finita
444 541 566 594 tamen.
615 531 684 596 Soli
700 532 780 593 mihi
798 533 960 613 Pergama
976 541 1111 608 restant,
1178 530 1181 535 ’

261 644 295 706 in
311 663 476 726 cursuque
493 664 587 707 meus
603 644 696 707 dolor
712 653 771 706 est.
814 645 917 707 Modo
931 644 1073 707 maxima
1089 664 1209 720 rerum,
1243 671 1274 724 15

261 766 310 820 tot
327 757 458 838 generis
474 757 627 838 natisque
644 766 762 839 potens
780 757 983 840 nuribusque
998 759 1144 840 viroque,

261 890 349 933 nunc
365 871 478 932 trahor
494 870 595 946 exsul,
613 869 719 952 inops,
737 871 873 932 tumulis
890 872 1005 933 avulsa
1022 890 1180 947 meorum,

263 984 446 1065 Penelopes
462 1002 591 1044 munus.
640 982 735 1064 Quae
749 1003 802 1046 me
815 984 893 1045 data
905 1003 1012 1064 pensa
1023 984 1211 1046 trahentem

262 1095 422 1158 matribus
438 1095 618 1158 ostendens
636 1095 771 1171 Ithacis,
787 1097 909 1159 “Haec
924 1095 1080 1159 Hectoris
1093 1095 1149 1157 illa
1161 1104 1212 1158 est

262 1209 351 1270 clara
366 1228 496 1290 parens,
515 1209 597 1271 haec
614 1207 695 1284 est,”
710 1209 806 1284 dicet,
826 1213 844 1240 “
856 1208 1018 1271 Priamela
1034 1208 1209 1271 coniunx.’'
1242 1228 1274 1263 20

306 1320 449 1402 Postque
464 1329 513 1383 tot
529 1322 668 1383 amissos
683 1330 719 1382 tu
736 1341 833 1397 nunc,
851 1341 936 1402 quae
953 1321 1024 1383 sola
1040 1320 1174 1383 levabas

262 1442 429 1495 maternos
446 1433 563 1522 luctus,
582 1432 713 1495 hostilia
728 1432 827 1495 busta
842 1434 949 1514 piasti.

264 1545 407 1607 Inferias
422 1545 510 1607 hosti
527 1544 651 1627 peperi.
699 1544 775 1626 Quo
791 1545 901 1608 ferrea
916 1545 1030 1608 resto?

263 1656 393 1738 Quidve
410 1657 541 1719 moror?
588 1657 664 1738 Quo
681 1677 734 1719 me
751 1676 873 1732 servas,
891 1677 1018 1719 annosa
1034 1657 1212 1720 senectus?

263 1769 348 1850 Quo,
366 1769 400 1831 di
415 1769 574 1845 crudeles,
593 1769 656 1830 nisi
669 1789 734 1850 quo
750 1789 837 1832 nova
853 1769 972 1831 lunera
988 1789 1130 1844 cernam,
1239 1795 1271 1847 25

261 1881 410 1943 vivacem
426 1881 568 1944 differtis
584 1881 708 1943 anum?
733 1880 817 1962 Quis
834 1901 933 1961 posse
949 1889 1081 1963 putaret

263 1993 394 2056 felicem
413 1993 579 2054 Priamum
597 2002 673 2075 post
689 1992 798 2055 diruta
816 1993 978 2073 Pergama
994 1993 1081 2055 dici?

265 2105 358 2168 Felix
373 2107 478 2168 morte
495 2125 555 2167 sua
570 2115 629 2180 est,
647 2124 708 2168 nec
725 2114 767 2179 te,
785 2124 860 2167 mea
875 2113 963 2180 nata,
981 2113 1188 2186 peremptam

262 2217 389 2298 aspicit,
408 2227 441 2280 et
456 2219 557 2280 vitam
575 2218 699 2300 pariter
713 2237 922 2298 regnumque
937 2216 1079 2297 reliquit.

305 2331 362 2406 At,
380 2339 469 2412 puto,
488 2330 660 2392 funeribus
677 2328 843 2405 dotabere,
860 2329 953 2410 regia
967 2331 1072 2410 virgo,
1139 2406 1145 2419 .
1240 2353 1272 2403 30

261 2443 486 2524 condeturque
502 2450 596 2504 tuum
612 2443 835 2504 monumentis
852 2462 972 2524 corpus
989 2441 1092 2503 avitis,

263 2555 340 2617 Non
356 2556 439 2618 haec
456 2563 507 2618 est
523 2555 658 2617 fortuna
674 2554 802 2617 domus.
849 2553 926 2616 Tibi
941 2574 1081 2616 munera
1096 2554 1211 2616 matris

261 2668 454 2747 contingent
470 2666 566 2729 fletus
583 2667 845 2749 peregrinaeque
862 2667 1001 2728 haustus
1017 2667 1171 2729 harenae.

261 2778 383 2842 Omnia
399 2778 612 2860 perdidimus.
660 2778 830 2860 Superest,
848 2798 906 2841 cur
922 2779 1033 2841 vivere
1048 2788 1180 2860 tempus

260 2889 293 2950 in
309 2891 409 2953 breve
423 2890 613 2965 sustineam,
631 2891 741 2972 proles
757 2889 944 2971 gratissima
960 2889 1065 2967 matri,

303 3083 339 3132 14.
364 3073 524 3133 Pergama:
548 3071 631 3135 poetic
651 3071 688 3120 for
712 3073 798 3120 Troia.
844 3072 880 3121 16.
898 3072 1038 3120 nuribus:
1067 3072 1209 3135 daughters-

259 3155 358 3203 in·law.
406 3167 444 3217 17.
464 3155 568 3215 inops:
599 3155 629 3202 in
646 3161 723 3202 want.
771 3153 807 3202 18.
830 3154 1016 3214 Penelopes:
1042 3153 1085 3202 the
1103 3154 1159 3202 wile
1182 3154 1212 3201 of

259 3236 488 3297 ulysses-data
510 3249 619 3298 pensa:
648 3237 686 3284 tlte
705 3237 823 3300 assigned
842 3237 914 3294 tasks,
934 3234 983 3298 obj.
1008 3236 1038 3283 of
1060 3237 1208 3285 trahentem.

259 3331 297 3367 22.
315 3319 423 3367 busta:
441 3321 555 3384 funeral
566 3327 650 3382 pyre;
668 3319 737 3367 osten
751 3319 906 3366 :tumulus
951 3331 989 3380 23.
1009 3317 1134 3367 Inferias
1152 3354 1158 3367 .
1177 3355 1207 3367 ..

257 3401 374 3461 peperi:
404 3403 423 3449 I
440 3418 481 3449 am
502 3403 540 3450 tlte
563 3403 656 3450 mother
672 3403 704 3467 os
718 3401 840 3467 sacrifices
863 3403 892 3449 in
911 3401 990 3448 honor
1007 3402 1039 3466 of
1055 3418 1091 3448 an
1113 3417 1206 3463 enemy.

259 3497 296 3543 24.
315 3483 397 3543 Quo:
417 3486 658 3547 why-annosa:
679 3485 737 3550 full
744 3485 776 3549 os
781 3500 865 3547 years.
902 3496 941 3548 25.
958 3484 1017 3532 nlsl
1032 3497 1108 3545 quo:
1127 3491 1209 3547 except

256 3567 316 3614 that.
362 3566 401 3615 26.
418 3567 556 3616 vivacem
574 3567 715 3616 differtis:
734 3567 765 3614 do
777 3583 830 3629 you
847 3568 903 3629 keep
921 3567 1148 3615 alive—anum:
1169 3567 1211 3614 olet

256 3665 364 3698 evontan.
403 3663 440 3713 27.
458 3650 575 3698 diruta:
594 3651 633 3698 tlte
648 3650 799 3698 destruction
809 3651 840 3714 oſs
871 3662 910 3711 30.
927 3649 1091 3698 dotaberet
1109 3649 1166 3698 will
1182 3649 1208 3696 be

256 3733 374 3780 dowered.
404 3744 442 3793 31.
455 3732 709 3781 avitlmncestral.
747 3745 785 3794 32.
798 3744 933 3781 munera:
948 3733 1052 3797 asgefts.
1086 3745 1125 3794 33.
1137 3731 1207 3780 hau·

256 3817 336 3861 stus:
353 3813 472 3878 handful.
508 3826 546 3875 34.
561 3813 721 3873 Superest:
740 3815 808 3862 there
819 3816 841 3862 is
852 3815 900 3878 lest.
