2996 4368
409 324 497 384 ins
526 322 674 385 nsnrn
705 323 758 385 or
786 324 985 388 Troumus
1100 333 1164 409 123

216 508 332 573 Aurea
348 519 537 573 sanctorum
555 511 743 593 potuissent
757 513 883 595 templa
899 513 1036 576 deorum

260 642 363 698 urere,
382 643 468 703 quae
483 632 612 685 tantum
630 626 815 688 sustinuere
831 625 936 688 netas.

215 732 349 797 Avertit
365 734 476 796 vultus
494 735 611 819 Erycis
623 755 713 818 quae
730 736 879 818 possidet
894 737 987 800 arcis.

260 846 345 910 Sunt
362 866 493 928 quoque
509 847 566 928 qui
581 848 734 911 lacrimas
750 849 952 912 continuisse
967 857 1101 930 negant.

152 971 187 1024 45
215 958 283 1022 Sed
298 967 410 1021 tamen
427 958 491 1022 hoc
507 945 741 1042 melius'quam
759 960 786 1023 si
804 961 967 1024 Phaeacia
982 963 1081 1024 tellus

258 1070 409 1152 ignOtum
424 1072 481 1134 vili
497 1072 729 1153 supposuisset
745 1073 855 1136 humo.

216 1183 307 1245 Hinc
323 1193 412 1246 certe
428 1184 579 1247 madidos
596 1184 757 1266 fugientis
773 1185 896 1267 pressit
911 1185 1034 1249 ocellos

257 1304 373 1371 mater,
389 1294 472 1358 etin
489 1296 617 1360 cineres
634 1296 749 1360 ultima
764 1297 852 1361 dona
867 1298 959 1374 tulit;

213 1407 291 1470 hinc
308 1428 400 1471 soror
415 1409 448 1470 in
466 1417 594 1490 partem
611 1407 731 1472 misera
746 1428 821 1472 cum
838 1418 943 1474 matre
959 1409 1081 1473 doloris

153 1531 187 1584 50
256 1519 356 1595 venit,
373 1519 543 1584 inornatas
559 1520 718 1584 dilaniata
734 1541 866 1598 comas3

212 1650 356 1713 cumque
372 1632 437 1695 tuis
453 1652 514 1696 sua
529 1634 708 1696 iunxerunt
725 1633 947 1715 Nemesisque
963 1632 1119 1715 priorque

257 1745 379 1820 oscula,
398 1764 460 1808 nec
476 1745 564 1808 solos
581 1744 760 1808 destituere
776 1765 884 1826 rogos.

214 1856 313 1918 Delia
328 1857 544 1933 descendens,
563 1862 582 1889 ‘⁴
594 1856 769 1932 Felicius,'’
786 1857 901 1939 inquit,
920 1862 1060 1920 “amata

257 1988 330 2030 sum
346 1968 423 2044 tibi;
447 1969 566 2044 vixisti,
583 1970 662 2032 dum
678 1978 756 2032 tuus
771 1970 859 2050 ignis
875 1969 997 2032 eram.”

99 2149 104 2160 ,
151 2091 183 2144 55
211 2080 277 2144 Cui
299 2081 462 2157 Nemesis,
487 2080 639 2163 “Quid''
659 2082 714 2157 ait,
739 2080 827 2143 “tibi
849 2089 926 2143 sunt
948 2100 1022 2144 mea
1042 2081 1166 2144 damna

299 2192 427 2256 dolori?

257 2306 315 2368 Me
331 2306 438 2369 tenuit
452 2306 598 2368 moriens
614 2304 789 2368 deficiente
805 2305 937 2367 manu.’'

212 2417 250 2481 Si
265 2427 377 2480 tamen
393 2438 412 2481 e
429 2416 524 2480 nobis
541 2417 665 2499 aliquid
681 2417 745 2479 nisi
761 2437 882 2480 nomen
901 2426 934 2480 et
950 2415 1068 2479 umbra

255 2538 367 2607 restat,
384 2529 418 2592 in
437 2529 552 2614 Elysia
566 2529 653 2591 valle
669 2528 821 2592 Tibullus
836 2530 907 2592 erit.

211 2641 343 2706 Obvius
358 2641 434 2705 huic
451 2641 566 2705 venias
582 2640 707 2703 hedera
723 2640 888 2703 iuvenalia
903 2640 1031 2703 cinctus
1182 2653 1236 2700 rho

148 2771 182 2820 60
255 2763 415 2836 tempora,
433 2774 509 2817 cum
527 2754 640 2828 Calvo
658 2753 754 2816 docte
772 2752 911 2828 Catulle,
928 2760 995 2815 tuo.
1182 2727 1309 2788 ⁰⁰¹¹²P²¹¹y

208 2866 264 2928 Tu
281 2886 421 2948 quoque,
438 2864 467 2929 si
482 2866 604 2928 falsum
620 2874 671 2928 est
686 2863 838 2927 temerati
853 2865 978 2926 crimen
995 2862 1101 2939 amici,

255 2980 428 3059 sanguinis
444 2987 544 3060 atque
560 2977 690 3040 animae
707 2976 845 3058 prodige
862 2976 957 3039 Galle
973 2985 1058 3038 tuae.

211 3092 279 3153 His
292 3111 402 3154 comes
415 3089 533 3153 umbra
544 3099 602 3152 tua
613 3097 674 3152 est.
713 3087 749 3150 Si
761 3106 826 3168 qua
839 3094 889 3149 est
902 3085 1000 3147 modo
1013 3083 1159 3164 corporis

300 3203 425 3279 umbra,

256 3315 376 3377 auxisti
391 3332 556 3389 numeros,
574 3312 662 3376 culte
679 3311 820 3386 Tibulle,
839 3311 919 3390 pios.

146 3439 179 3505 65
210 3426 302 3491 Ossa
319 3428 440 3508 quieta,
458 3445 583 3508 precor,
600 3433 673 3487 tuta
689 3422 885 3504 requiescite
902 3422 936 3483 in
953 3441 1045 3495 uma,

255 3548 290 3603 et
306 3538 348 3600 sit
363 3539 485 3600 humus
500 3538 601 3600 cineri
617 3556 684 3598 non
700 3554 840 3597 onerosa
856 3533 930 3596 tuo!

1181 2950 1323 2998 illustriouu

1179 3024 1248 3071 Dead
