2948 4368
122 3517 168 3564 His

123 3592 282 3640 Attendants

123 3668 190 3713 alain

317 308 366 376 42
529 302 780 360 SELECTIONS
810 303 928 361 FROM
959 304 1063 361 OVID

319 482 411 546 Orbe
427 495 598 565 pererrato
613 484 704 567 (quis
720 486 808 548 enim
826 487 1033 568 deprendere
1048 487 1154 568 possit

318 595 408 657 furta
422 596 511 659 Iovis
522 597 550 680 ?)
559 598 724 679 profugus
736 599 944 682 patriamque
960 599 1109 681 iramque
1122 598 1270 680 parentis

317 707 400 771 vitat
415 705 637 789 Agenorides
656 710 848 792 Phoebique
864 710 998 773 oracula
1014 712 1157 792 supplex

318 820 460 883 consulit
475 829 509 883 et
524 841 609 904 quae
626 823 668 884 sit
683 823 781 884 tellus
798 822 980 885 habitanda
994 813 1138 906 requirit.

319 933 416 995 “Bos
431 932 521 1009 tibi,’'
540 934 694 996 Phoebus
709 935 763 1008 ait,
779 934 886 997 “solis
902 945 1052 998 occurret
1068 934 1099 997 in
1117 936 1212 1012 arvis,
1301 969 1331 1005 10

317 1045 444 1107 nullum
461 1066 562 1126 passa
577 1047 692 1127 iugum
709 1046 866 1128 curvique
882 1047 1037 1109 immunis
1054 1047 1162 1110 aratri.

319 1157 395 1219 Hac
411 1157 495 1220 duce
511 1178 612 1239 carpe
628 1157 699 1220 vias
715 1168 749 1220 et
764 1179 830 1239 qua
846 1159 1044 1240 requieverit
1060 1159 1172 1236 herba,

318 1269 449 1331 moenia
464 1270 518 1332 fac
536 1270 661 1332 condas
678 1270 882 1352 Boeotiaque
897 1270 954 1333 illa
968 1271 1118 1334 vocato.’'

361 1382 426 1444 Vix
441 1381 526 1444 bene
544 1382 691 1446 Castalio
709 1382 857 1446 Cadmus
874 1382 1092 1446 descenderat
1108 1393 1213 1459 antro,

316 1493 552 1556 incustoditam
568 1495 658 1557 lente
673 1494 765 1557 videt
779 1494 826 1557 ire
842 1495 1017 1557 iuvencam
1299 1520 1329 1574 15

317 1605 444 1668 nullum
461 1606 585 1669 servitii
601 1606 733 1688 signum
750 1606 878 1669 cervice
894 1616 1076 1688 gerentem.

318 1718 538 1800 Subsequitur
553 1738 736 1802 pressoque
752 1719 832 1800 legit
847 1719 989 1813 vestigia
1004 1719 1121 1800 gressu

288 1891 293 1900 ,
316 1839 553 1913 auctoremque
567 1833 641 1894 viae
659 1832 829 1894 Phoebum
845 1830 1029 1894 taciturnus
1044 1831 1169 1895 adorat.

318 1942 389 2003 Iam
405 1942 492 2004 vada
508 1943 645 2023 Cephisi
662 1944 882 2026 Panopesque
898 1952 1049 2006 evaserat
1064 1964 1159 2022 arva;

316 2055 376 2117 bos
393 2054 483 2117 stetit
499 2063 532 2116 et
548 2055 668 2117 tollens
684 2055 869 2136 speciosam
886 2055 1041 2119 cornibus
1057 2058 1132 2119 altis
1296 2074 1329 2110 20

317 2165 359 2227 ad
376 2166 504 2228 caelum
521 2166 666 2229 frontem
682 2167 864 2249 mugitibus
880 2168 1010 2248 impulit
1026 2188 1134 2231 auras,

317 2278 493 2359 Atqueita
509 2279 690 2359 respiciens
706 2279 844 2343 comites
860 2301 921 2342 sua
936 2290 1033 2362 terga
1049 2283 1219 2365 sequentis

317 2389 493 2471 procubuit
508 2400 689 2472 teneraque
706 2391 793 2454 latus
809 2393 961 2456 submisit
978 2395 1012 2455 in
1030 2395 1142 2458 herba.

317 2502 464 2565 Cadmus
480 2501 550 2582 agit
565 2503 669 2583 gratis
686 2503 949 2586 peregrinaeque
964 2506 1078 2567 oscula
1093 2515 1201 2570 terrae

316 2615 388 2695 figit
403 2624 436 2676 et
452 2615 584 2695 ignotos
601 2614 723 2676 montis
740 2635 905 2698 agrosque
921 2616 1053 2680 salutat.
1295 2626 1327 2679 ²5

317 2725 420 2789 Sacra
436 2725 507 2788 Iovi
524 2725 674 2788 facturus
691 2736 780 2804 e'rat;
805 2727 958 2791 iubetire
974 2728 1142 2794 ministros

315 2847 348 2899 et
365 2847 477 2918 petere
494 2858 512 2900 e
528 2837 611 2900 vivis
627 2836 778 2902 libandas
795 2840 944 2904 fontibus
959 2842 1075 2904 undas.

360 2950 451 3013 Silva
466 2958 561 3012 vetus
579 2949 689 3013 stabat
704 2950 796 3014 nulla
810 2951 932 3015 violata
949 2953 1064 3030 securi,

315 3070 349 3123 et
364 3081 484 3142 specus
499 3059 533 3122 in
550 3062 660 3124 medio
675 3062 778 3144 virgis
794 3083 832 3126 ac
849 3064 971 3128 vimine
987 3064 1130 3141 densus,
1202 3137 1203 3140 Ἴ
1250 3116 1252 3120 .

315 3172 461 3235 efficiens
478 3174 636 3236 humilem
653 3174 801 3257 lapidum
818 3176 1036 3258 compagibus
1052 3197 1175 3254 arcum,
1293 3179 1326 3230 30

314 3284 470 3348 uberibus
487 3286 652 3349 fecundus
667 3288 771 3368 aquis,
789 3285 846 3349 ubi
861 3288 1014 3351 conditus
1030 3298 1125 3352 antro

316 3397 457 3460 Martius
474 3399 594 3479 anguis
610 3407 682 3461 erat
697 3398 805 3461 cristis
822 3399 1009 3481 praesignis
1025 3410 1058 3464 et
1074 3421 1164 3464 auro.

316 3510 400 3590 Igne
416 3511 540 3573 micant
556 3510 660 3586 oculi;
685 3529 805 3592 corpus
822 3519 928 3574 tumet
942 3533 1041 3576 omne
1057 3533 1205 3591 veneno;

313 3631 447 3704 tresque
459 3622 591 3684 vibrant
602 3621 736 3702 linguae
747 3643 754 3699 ;
773 3623 893 3705 triplici
906 3633 995 3687 stant
1007 3625 1122 3688 ordine
1135 3626 1262 3690 dentes

315 3735 424 3817 Quem
441 3744 619 3816 postquam
635 3733 737 3816 Tyria
753 3735 864 3796 lucum
881 3735 922 3797 de
938 3746 1040 3816 gente
1055 3738 1199 3819 profecti
1294 3765 1326 3818 35
