2996 4368
139 1846 229 1895 hletae

139 1921 252 1970 becomes

139 1998 286 2045 smmoumd

139 2069 165 2119 ol

140 2143 190 2192 him

333 309 382 384 74
544 303 795 362 SELECTIONS
825 302 943 361 FROM
973 302 1077 360 OVID

467 627 573 700 xlv,
608 627 776 719 stou
804 595 923 696 hun
954 625 1154 697 munna

379 825 518 908 Iamque
527 825 650 889 fretum
662 824 799 910 Minyae
811 825 980 906 Pagasaea
990 843 1104 906 puppe
1113 820 1283 896 secabant,

334 947 562 1021 perpetuaque
577 937 714 1001 trahens
730 937 864 1018 inopem
882 937 944 1000 sub
960 945 1058 1000 nocte
1074 944 1242 999 senectam

334 1049 479 1114 Phineus
494 1051 586 1114 visus
601 1057 681 1125 erat,
698 1049 902 1130 iuvenesque
918 1049 1087 1130 Aquilone
1103 1048 1206 1111 creati

332 1161 500 1244 virgineas
517 1162 669 1226 volucres
685 1160 796 1225 miseri
812 1161 901 1224 senis
916 1180 973 1225 ore
989 1161 1156 1241 fugarant,

333 1275 502 1356 multaque
518 1273 669 1357 perpessi
684 1275 774 1337 claro
791 1272 853 1336 sub
872 1274 990 1336 Iasone
1006 1271 1142 1335 tandem
1327 1292 1343 1345 5

332 1385 542 1468 contigerant
557 1385 690 1469 rapidas
706 1385 814 1448 limosi
831 1383 981 1448 Phasidis
996 1384 1113 1447 undas.

378 1499 535 1580 Dumque
558 1499 683 1562 adeunt
713 1517 827 1579 regem
852 1495 1057 1579 Phrixeaque
1079 1495 1203 1560 vellera
1225 1516 1282 1580 po

420 1620 526 1686 scunt,

332 1722 450 1805 lexque
466 1723 563 1785 datur
580 1721 705 1808 Minyis
721 1741 918 1802 magnorum
935 1720 1101 1784 horrenda
1120 1719 1280 1796 laborum,

332 1833 477 1916 concipit
492 1834 618 1898 interea
633 1834 760 1897 validos
776 1834 915 1897 Aeetias
930 1832 1027 1915 ignis,

332 1955 366 2010 et
383 1947 505 2010 luctata
521 1947 577 2010 diu
594 1955 771 2029 postquam
786 1945 913 2009 ratione
928 1945 1075 2009 furorem
1274 1963 1279 1973 ·
1309 1971 1343 2009 ιο

332 2059 465 2122 vincere
481 2078 547 2122 non
564 2067 702 2142 poterat,
721 2064 739 2090 “
752 2059 896 2134 Frustra,
916 2058 1046 2134 Medea,
1064 2076 1250 2140 repugnas3

333 2169 445 2234 nescio
472 2169 545 2253 quis
572 2171 654 2234 deus
681 2170 821 2247 obstat,”
850 2171 904 2233 ait.
960 2169 1190 2253 “Mirumque,
1217 2170 1282 2233 nisi

418 2282 481 2346 hoc
505 2292 557 2345 est

330 2402 388 2457 aut
404 2393 526 2476 aliquid
543 2404 633 2458 certe
650 2393 755 2458 simile
772 2394 848 2458 huic
865 2395 954 2477 quod
970 2415 1082 2458 amare
1096 2405 1242 2460 vocatur.

332 2506 420 2570 Nam
437 2526 495 2570 cur
512 2506 601 2570 iussa
618 2507 720 2589 patris
735 2506 874 2570 nimium
891 2506 972 2570 mihi
988 2508 1071 2571 dura
1085 2507 1262 2572 videntur?

331 2617 417 2682 Sunt
440 2639 571 2702 quoque
594 2619 676 2682 dura
699 2619 807 2682 nimis.
854 2620 922 2684 Cur
945 2640 1044 2703 quem
1068 2620 1168 2685 modo
1191 2619 1280 2684 deni-

417 2750 482 2812 que
498 2730 574 2807 vidi,
1310 2759 1320 2794 1
1326 2757 1342 2812 ς

330 2861 372 2906 ne
389 2851 505 2923 pereat
520 2842 643 2907 timeo?
689 2844 785 2926 Quae
802 2845 886 2908 tanti
902 2865 1003 2908 causa
1018 2843 1167 2909 timoris?

375 2955 531 3019 “Excute
547 2955 696 3038 virgineo
712 2966 893 3038 conceptas
908 2967 1043 3039 pectore
1059 2957 1220 3034 flammas,

329 3064 357 3129 si
374 3076 477 3148 potes
494 3066 619 3131 infelix.
667 3068 703 3133 Si
720 3088 860 3149 possem,
878 3068 989 3132 sanior
1004 3047 1121 3132 essem.

330 3177 397 3242 Sed
414 3189 531 3260 gravat
546 3181 683 3243 invitam
700 3201 787 3243 nova
803 3180 872 3256 vis;
896 3181 1052 3263 aliudque
1068 3181 1198 3264 cupido,

330 3307 424 3352 mens
441 3291 530 3354 aliud
548 3292 673 3356 suadet.
721 3293 828 3356 Video
846 3293 980 3356 meliora
996 3293 1176 3376 proboque,
1312 3318 1342 3353 20

330 3401 493 3465 deteriora
509 3423 637 3486 sequor.
685 3405 774 3487 Quid
791 3405 824 3466 in
841 3405 980 3486 hospite,
998 3407 1091 3486 regia
1104 3406 1209 3486 virgo,

329 3515 434 3578 ureris
450 3523 484 3577 et
499 3515 663 3580 thalamos
680 3517 779 3580 alieni
795 3517 941 3599 concipis
958 3517 1069 3581 orbis?

331 3626 427 3690 Haec
449 3647 580 3709 quoque
599 3637 687 3691 terra
706 3638 817 3712 potest
833 3629 922 3712 quod
941 3649 1032 3694 ames
1051 3629 1140 3693 dare.
1180 3630 1282 3695 Vivat

417 3758 460 3800 an
476 3737 530 3802 ille
