2996 4368
333 335 378 422 78
543 343 794 401 SELECTIONS
824 342 941 400 FROM
972 342 1076 401 OVID

332 524 386 588 ille
402 525 494 602 deae,
512 526 654 608 lucoque
669 526 758 590 foret
773 526 863 608 quod
878 546 1002 590 numen
1019 526 1052 589 in
1067 527 1134 602 illo,
1311 540 1344 593 95

333 657 459 720 perque
474 648 604 720 patrem
621 638 726 702 soceri
741 647 934 702 cernentem
949 648 1070 702 cuncta
1085 638 1198 715 futuri,

332 759 538 832 eventusque
555 771 632 814 suos
647 759 681 814 et
696 759 790 813 tanta
806 750 953 832 pericula
968 751 1063 813 iurat.

333 862 487 925 Creditus
502 862 630 945 accepit
646 872 799 926 cantatas
815 864 966 946 protinus
981 862 1111 938 herbas,

331 973 531 1057 edidicitque
548 994 654 1050 usum,
672 974 845 1057 laetusque
861 975 895 1037 in
911 984 1000 1038 tecta
1016 974 1160 1039 recessit.

376 1086 511 1149 Postera
527 1087 702 1174 depulerpt
720 1088 833 1151 stellas
849 1107 968 1151 aurora
983 1087 1154 1164 micantis;
1298 1101 1346 1137 100

331 1198 532 1262 conveniunt
549 1199 663 1281 populi
679 1219 810 1262 sacrum
829 1200 991 1262 Mavortis
1006 1199 1040 1261 in
1056 1218 1172 1262 arvum

331 1312 582 1393 consistuntque
598 1310 694 1393 iugis.
743 1311 857 1374 Medio
873 1331 931 1374 rex
946 1310 1017 1394 ipse
1033 1311 1155 1375 resedit

331 1421 464 1503 agmine
481 1443 668 1504 purpureus
685 1432 884 1507 sceptroque
900 1422 1041 1505 insignis
1056 1422 1193 1487 eburno.

332 1535 419 1598 Ecce
436 1533 642 1598 adamanteis
658 1536 847 1599 Volcanum
863 1534 999 1598 naribus
1015 1534 1130 1598 efflant
1239 1611 1245 1622 ·

330 1646 504 1728 aeripedes
519 1646 616 1723 tauri‚'
632 1656 808 1730 tactaeque
824 1646 1003 1729 vaporibus
1019 1647 1142 1710 herbae
1298 1658 1344 1713 Ῑ05

330 1758 457 1822 ardent.
505 1760 619 1841 thue
636 1758 745 1822 solent
762 1758 852 1840 pleni
868 1779 1023 1823 resonare
1039 1759 1169 1835 camini,

330 1880 388 1934 aut
404 1869 459 1933 ubi
475 1880 607 1935 terrena
623 1870 731 1934 silices
747 1872 884 1934 fornace
901 1872 1000 1935 soluti
1048 1891 1050 1894 ·

330 1983 522 2066 concipiunt
537 1981 650 2064 ignem
666 1982 865 2065 liquidarum
881 1983 1058 2065 aspergine
1074 2002 1252 2065 aquarum;

330 2104 465 2176 pectora
481 2094 528 2158 sic
543 2093 633 2158 intus
649 2094 779 2158 clausas
794 2094 961 2159 volventia
976 2094 1126 2158 flammas

330 2216 530 2288 gutturaque
569 2215 644 2269 usta
682 2216 812 2270 sonant.
874 2208 1003 2270 Tamen
1040 2206 1105 2271 illis
1142 2207 1280 2271 Aesone

416 2328 515 2383 natus
1296 2338 1343 2375 110

329 2431 446 2494 obvius
461 2431 495 2494 it.
542 2433 683 2495 Vertere
695 2440 810 2493 truces
826 2430 988 2494 venientis
1004 2430 1045 2493 ad
1062 2451 1120 2493 ora

328 2542 482 2606 terribilis
496 2543 608 2606 vultus
625 2543 836 2625 praefixaque
853 2562 977 2605 cornua
993 2543 1092 2618 ferro,

328 2655 588 2737 pulvereumque
604 2655 710 2718 solum
727 2655 814 2736 pede
830 2654 1004 2736 pulsavere
1019 2653 1157 2730 bisulc0,

328 2766 550 2849 fumificisque
566 2766 675 2829 locum
692 2766 873 2847 mugitibus
889 2765 1120 2848 impleverunt.

373 2878 558 2960 Deriguere
574 2888 664 2941 metu
683 2877 829 2964 Minyae.
877 2877 973 2960 Subit
988 2877 1043 2941 ille
1058 2898 1120 2942 nec
1136 2877 1223 2960 ignis
1293 2911 1320 2945 ιι
1326 2909 1341 2963 5

328 2992 429 3054 sentit
444 2991 618 3054 anhelatos
632 2987 778 3073 (tantum
794 2989 1015 3054 medicamina
1030 2991 1195 3075 possunt),

327 3103 539 3186 pendulaque
555 3101 673 3166 audaci
688 3103 811 3166 mulcet
826 3102 972 3184 palearia
987 3103 1111 3181 dextra,

328 3215 582 3297 suppositosque
598 3217 677 3296 iugo
694 3215 825 3296 pondus
841 3234 943 3297 grave
959 3214 1048 3297 cogit
1064 3215 1163 3279 aratri

327 3328 448 3390 ducere
464 3336 497 3390 et
512 3326 678 3390 insuetum
694 3328 784 3390 ferro
800 3327 1014 3409 proscindere
1030 3347 1194 3410 campum.

329 3441 494 3502 Mirantur
510 3439 643 3516 Colchi;
669 3440 806 3524 Minyae
823 3438 1022 3502 clamoribus
1038 3448 1162 3521 augent
1293 3465 1341 3502 120

327 3551 539 3634 adiciuntque
554 3551 690 3614 animos.
739 3552 842 3616 Galea
858 3562 929 3616 tum
945 3551 1045 3616 sumit
1061 3559 1145 3614 aena

327 3664 479 3746 vipereos
495 3664 604 3726 dentis
620 3673 653 3726 et
668 3673 777 3727 aratos
794 3666 921 3746 spargit
936 3665 971 3726 in
988 3684 1095 3746 agros.

328 3775 463 3840 Semina
479 3775 583 3838 mollit
599 3775 719 3838 humus
735 3775 844 3839 valido
860 3775 1045 3857 praetincta
1059 3795 1198 3851 venen0,
