<?xml version="1.0" encoding="UTF-8"?>
<!DOCTYPE html PUBLIC "-//W3C//DTD XHTML 1.0 Transitional//EN"
    "http://www.w3.org/TR/xhtml1/DTD/xhtml1-transitional.dtd">
<html xmlns="http://www.w3.org/1999/xhtml" xml:lang="en" lang="en">
 <head>
  <title>
</title>
<meta http-equiv="Content-Type" content="text/html;charset=utf-8" />
  <meta name='ocr-system' content='tesseract 3.04.00' />
  <meta name='ocr-capabilities' content='ocr_page ocr_carea ocr_par ocr_line ocrx_word'/>
</head>
<body>
  <div class='ocr_page' id='page_1' title='image "./poemsovidselect00ovidgoog_0199.png"; bbox 0 0 2972 4358; ppageno 0'>
   <div class='ocr_carea' id='block_1_1' title="bbox 280 310 1019 388">
    <p class='ocr_par' dir='ltr' id='par_1_1' title="bbox 280 310 1019 388">
     <span class='ocr_line' id='line_1_1' title="bbox 280 310 1019 388; baseline 0.001 -23"><span class='ocrx_word' id='word_1_1' title='bbox 280 316 350 388; x_wconf 84' lang='lat'>174</span> <span class='ocrx_word' id='word_1_2' title='bbox 486 311 736 368; x_wconf 87' lang='lat' dir='ltr'><strong>SELECTIONS</strong></span> <span class='ocrx_word' id='word_1_3' title='bbox 765 311 884 368; x_wconf 87' lang='lat' dir='ltr'>FROM</span> <span class='ocrx_word' id='word_1_4' title='bbox 915 310 1019 368; x_wconf 94' lang='lat' dir='ltr'><strong>OVID</strong></span> 
     </span>
    </p>
   </div>
   <div class='ocr_carea' id='block_1_2' title="bbox 192 478 1291 3045">
    <p class='ocr_par' dir='ltr' id='par_1_2' title="bbox 274 478 1287 802">
     <span class='ocr_line' id='line_1_2' title="bbox 276 478 1287 576; baseline -0.002 -21"><span class='ocrx_word' id='word_1_5' title='bbox 276 491 428 574; x_wconf 88' lang='lat' dir='ltr'>Cumque</span> <span class='ocrx_word' id='word_1_6' title='bbox 438 494 554 557; x_wconf 91' lang='lat' dir='ltr'>eadem</span> <span class='ocrx_word' id='word_1_7' title='bbox 569 478 676 576; x_wconf 91' lang='lat' dir='ltr'>passis</span> <span class='ocrx_word' id='word_1_8' title='bbox 684 494 829 572; x_wconf 81' lang='lat' dir='ltr'>(tantum</span> <span class='ocrx_word' id='word_1_9' title='bbox 841 495 1060 558; x_wconf 87' lang='lat' dir='ltr'>medicamina</span> <span class='ocrx_word' id='word_1_10' title='bbox 1072 494 1229 576; x_wconf 86' lang='lat' dir='ltr'><strong>possunt)</strong></span> <span class='ocrx_word' id='word_1_11' title='bbox 1259 517 1287 571; x_wconf 81' lang='lat'>15</span> 
     </span>
     <span class='ocr_line' id='line_1_3' title="bbox 275 604 1117 690; baseline 0.002 -24"><span class='ocrx_word' id='word_1_12' title='bbox 275 604 411 667; x_wconf 92' lang='lat' dir='ltr'>claudor</span> <span class='ocrx_word' id='word_1_13' title='bbox 427 607 517 668; x_wconf 91' lang='lat' dir='ltr'>hara.</span> <span class='ocrx_word' id='word_1_14' title='bbox 566 607 748 690; x_wconf 93' lang='lat' dir='ltr'>Solumque</span> <span class='ocrx_word' id='word_1_15' title='bbox 764 608 833 670; x_wconf 90' lang='lat' dir='ltr'>suis</span> <span class='ocrx_word' id='word_1_16' title='bbox 849 609 995 670; x_wconf 86' lang='lat' dir='ltr'><strong>caruisse</strong></span> <span class='ocrx_word' id='word_1_17' title='bbox 1011 607 1117 688; x_wconf 89' lang='lat' dir='ltr'>figura</span> 
     </span>
     <span class='ocr_line' id='line_1_4' title="bbox 274 717 1137 802; baseline 0.001 -23"><span class='ocrx_word' id='word_1_18' title='bbox 274 717 417 780; x_wconf 92' lang='lat' dir='ltr'>vidimus</span> <span class='ocrx_word' id='word_1_19' title='bbox 435 718 681 802; x_wconf 90' lang='lat' dir='ltr'>Eurylochum;</span> <span class='ocrx_word' id='word_1_20' title='bbox 705 719 795 782; x_wconf 94' lang='lat' dir='ltr'>solus</span> <span class='ocrx_word' id='word_1_21' title='bbox 811 719 890 782; x_wconf 90' lang='lat' dir='ltr'>data</span> <span class='ocrx_word' id='word_1_22' title='bbox 906 717 1026 801; x_wconf 92' lang='lat' dir='ltr'>pocula</span> <span class='ocrx_word' id='word_1_23' title='bbox 1041 718 1137 799; x_wconf 84' lang='lat' dir='ltr'>fugit.</span> 
     </span>
    </p>

    <p class='ocr_par' dir='ltr' id='par_1_3' title="bbox 274 829 1290 1365">
     <span class='ocr_line' id='line_1_5' title="bbox 320 829 1165 913; baseline 0 -21"><span class='ocrx_word' id='word_1_24' title='bbox 320 830 416 912; x_wconf 85' lang='lat' dir='ltr'><strong>Quae</strong></span> <span class='ocrx_word' id='word_1_25' title='bbox 432 829 495 892; x_wconf 93' lang='lat' dir='ltr'>nisi</span> <span class='ocrx_word' id='word_1_26' title='bbox 508 833 654 906; x_wconf 90' lang='lat' dir='ltr'>vitasset,</span> <span class='ocrx_word' id='word_1_27' title='bbox 672 833 803 912; x_wconf 93' lang='lat' dir='ltr'>pecoris</span> <span class='ocrx_word' id='word_1_28' title='bbox 820 851 897 913; x_wconf 92' lang='lat' dir='ltr'>pars</span> <span class='ocrx_word' id='word_1_29' title='bbox 913 851 980 893; x_wconf 94' lang='lat' dir='ltr'>una</span> <span class='ocrx_word' id='word_1_30' title='bbox 996 850 1165 893; x_wconf 89' lang='lat' dir='ltr'>manerem</span> 
     </span>
     <span class='ocr_line' id='line_1_6' title="bbox 275 942 1152 1025; baseline 0 -21"><span class='ocrx_word' id='word_1_31' title='bbox 275 963 364 1005; x_wconf 92' lang='lat' dir='ltr'>nunc</span> <span class='ocrx_word' id='word_1_32' title='bbox 381 963 512 1025; x_wconf 93' lang='lat' dir='ltr'>quoque</span> <span class='ocrx_word' id='word_1_33' title='bbox 529 944 692 1024; x_wconf 86' lang='lat' dir='ltr'>saetigeri,</span> <span class='ocrx_word' id='word_1_34' title='bbox 710 963 772 1006; x_wconf 93' lang='lat' dir='ltr'>nec</span> <span class='ocrx_word' id='word_1_35' title='bbox 789 952 902 1006; x_wconf 87' lang='lat' dir='ltr'>tantae</span> <span class='ocrx_word' id='word_1_36' title='bbox 918 942 1022 1006; x_wconf 90' lang='lat' dir='ltr'>cladis</span> <span class='ocrx_word' id='word_1_37' title='bbox 1039 942 1081 1004; x_wconf 90' lang='lat' dir='ltr'>ab</span> <span class='ocrx_word' id='word_1_38' title='bbox 1097 942 1152 1005; x_wconf 91' lang='lat' dir='ltr'>illo</span> 
     </span>
     <span class='ocr_line' id='line_1_7' title="bbox 275 1055 1290 1120; baseline -0.006 -2"><span class='ocrx_word' id='word_1_39' title='bbox 275 1057 394 1118; x_wconf 87' lang='lat' dir='ltr'>certior</span> <span class='ocrx_word' id='word_1_40' title='bbox 410 1055 452 1118; x_wconf 90' lang='lat' dir='ltr'>ad</span> <span class='ocrx_word' id='word_1_41' title='bbox 469 1056 588 1120; x_wconf 87' lang='lat' dir='ltr'>Circen</span> <span class='ocrx_word' id='word_1_42' title='bbox 606 1055 693 1118; x_wconf 91' lang='lat' dir='ltr'>ultor</span> <span class='ocrx_word' id='word_1_43' title='bbox 707 1055 854 1118; x_wconf 92' lang='lat' dir='ltr'>venisset</span> <span class='ocrx_word' id='word_1_44' title='bbox 871 1055 996 1120; x_wconf 79' lang='lat' dir='ltr'>Ulixes,</span> <span class='ocrx_word' id='word_1_45' title='bbox 1258 1078 1290 1113; x_wconf 85' lang='lat'>20</span> 
     </span>
     <span class='ocr_line' id='line_1_8' title="bbox 277 1167 1103 1253; baseline -0.001 -23"><span class='ocrx_word' id='word_1_46' title='bbox 277 1169 406 1231; x_wconf 78' lang='lat' dir='ltr'>Pacifer</span> <span class='ocrx_word' id='word_1_47' title='bbox 422 1170 498 1232; x_wconf 92' lang='lat' dir='ltr'>huic</span> <span class='ocrx_word' id='word_1_48' title='bbox 516 1169 654 1232; x_wconf 92' lang='lat' dir='ltr'>dederat</span> <span class='ocrx_word' id='word_1_49' title='bbox 671 1168 786 1231; x_wconf 90' lang='lat' dir='ltr'>florem</span> <span class='ocrx_word' id='word_1_50' title='bbox 805 1167 976 1253; x_wconf 88' lang='lat' dir='ltr'>Cyllenius</span> <span class='ocrx_word' id='word_1_51' title='bbox 992 1168 1103 1231; x_wconf 91' lang='lat' dir='ltr'>album</span> 
     </span>
     <span class='ocr_line' id='line_1_9' title="bbox 274 1280 1084 1365; baseline 0 -23"><span class='ocrx_word' id='word_1_52' title='bbox 274 1280 380 1365; x_wconf 89' lang='lat' dir='ltr'>(moly</span> <span class='ocrx_word' id='word_1_53' title='bbox 395 1290 517 1344; x_wconf 93' lang='lat' dir='ltr'>vocant</span> <span class='ocrx_word' id='word_1_54' title='bbox 532 1283 663 1363; x_wconf 89' lang='lat' dir='ltr'>superi;</span> <span class='ocrx_word' id='word_1_55' title='bbox 688 1282 784 1362; x_wconf 91' lang='lat' dir='ltr'>nigra</span> <span class='ocrx_word' id='word_1_56' title='bbox 800 1281 910 1343; x_wconf 92' lang='lat' dir='ltr'>radice</span> <span class='ocrx_word' id='word_1_57' title='bbox 922 1281 1084 1365; x_wconf 86' lang='lat' dir='ltr'>tenetur).-</span> 
     </span>
    </p>

    <p class='ocr_par' dir='ltr' id='par_1_4' title="bbox 276 1392 1105 1476">
     <span class='ocr_line' id='line_1_10' title="bbox 276 1392 1105 1476; baseline -0.002 -20"><span class='ocrx_word' id='word_1_58' title='bbox 276 1393 384 1456; x_wconf 93' lang='lat' dir='ltr'>Tutus</span> <span class='ocrx_word' id='word_1_59' title='bbox 401 1413 440 1456; x_wconf 92' lang='lat' dir='ltr'>eo</span> <span class='ocrx_word' id='word_1_60' title='bbox 457 1394 656 1476; x_wconf 91' lang='lat' dir='ltr'>monitisque</span> <span class='ocrx_word' id='word_1_61' title='bbox 674 1392 771 1455; x_wconf 93' lang='lat' dir='ltr'>simul</span> <span class='ocrx_word' id='word_1_62' title='bbox 789 1393 987 1457; x_wconf 89' lang='lat' dir='ltr'>caelestibus</span> <span class='ocrx_word' id='word_1_63' title='bbox 1003 1395 1105 1455; x_wconf 88' lang='lat' dir='ltr'>intrat</span> 
     </span>
    </p>

    <p class='ocr_par' dir='ltr' id='par_1_5' title="bbox 276 1504 1073 1583">
     <span class='ocr_line' id='line_1_11' title="bbox 276 1504 1073 1583; baseline 0 -16"><span class='ocrx_word' id='word_1_64' title='bbox 276 1505 331 1568; x_wconf 90' lang='lat' dir='ltr'>ille</span> <span class='ocrx_word' id='word_1_65' title='bbox 347 1506 481 1568; x_wconf 93' lang='lat' dir='ltr'>domum</span> <span class='ocrx_word' id='word_1_66' title='bbox 499 1507 629 1583; x_wconf 89' lang='lat' dir='ltr'>Circes;</span> <span class='ocrx_word' id='word_1_67' title='bbox 655 1515 689 1569; x_wconf 98' lang='lat' dir='ltr'>et</span> <span class='ocrx_word' id='word_1_68' title='bbox 704 1506 748 1568; x_wconf 93' lang='lat' dir='ltr'>ad</span> <span class='ocrx_word' id='word_1_69' title='bbox 763 1504 922 1569; x_wconf 88' lang='lat' dir='ltr'>insidiosa</span> <span class='ocrx_word' id='word_1_70' title='bbox 936 1514 1073 1568; x_wconf 92' lang='lat' dir='ltr'>vocatus</span> 
     </span>
    </p>

    <p class='ocr_par' dir='ltr' id='par_1_6' title="bbox 277 1616 1289 1813">
     <span class='ocr_line' id='line_1_12' title="bbox 277 1616 1289 1699; baseline 0 -19"><span class='ocrx_word' id='word_1_71' title='bbox 277 1619 406 1698; x_wconf 87' lang='lat' dir='ltr'>pocula,</span> <span class='ocrx_word' id='word_1_72' title='bbox 425 1627 601 1681; x_wconf 91' lang='lat' dir='ltr'>conantem</span> <span class='ocrx_word' id='word_1_73' title='bbox 617 1620 712 1699; x_wconf 92' lang='lat' dir='ltr'>virga</span> <span class='ocrx_word' id='word_1_74' title='bbox 730 1618 874 1681; x_wconf 90' lang='lat' dir='ltr'>mulcere</span> <span class='ocrx_word' id='word_1_75' title='bbox 892 1616 1027 1698; x_wconf 89' lang='lat' dir='ltr'>capillos</span> <span class='ocrx_word' id='word_1_76' title='bbox 1257 1636 1289 1688; x_wconf 85' lang='lat'>25</span> 
     </span>
     <span class='ocr_line' id='line_1_13' title="bbox 277 1729 1051 1813; baseline 0 -21"><span class='ocrx_word' id='word_1_77' title='bbox 277 1729 420 1812; x_wconf 91' lang='lat' dir='ltr'>reppulit</span> <span class='ocrx_word' id='word_1_78' title='bbox 436 1739 470 1793; x_wconf 93' lang='lat' dir='ltr'>et</span> <span class='ocrx_word' id='word_1_79' title='bbox 485 1730 598 1793; x_wconf 92' lang='lat' dir='ltr'>stricto</span> <span class='ocrx_word' id='word_1_80' title='bbox 614 1731 770 1813; x_wconf 91' lang='lat' dir='ltr'>pavidam</span> <span class='ocrx_word' id='word_1_81' title='bbox 787 1730 946 1793; x_wconf 91' lang='lat' dir='ltr'>deterruit</span> <span class='ocrx_word' id='word_1_82' title='bbox 962 1749 1051 1793; x_wconf 92' lang='lat' dir='ltr'>ense.</span> 
     </span>
    </p>

    <p class='ocr_par' dir='ltr' id='par_1_7' title="bbox 278 1821 1228 2036">
     <span class='ocr_line' id='line_1_14' title="bbox 279 1821 1228 1924; baseline -0.001 -20"><span class='ocrx_word' id='word_1_83' title='bbox 279 1843 362 1906; x_wconf 92' lang='lat' dir='ltr'>Inde</span> <span class='ocrx_word' id='word_1_84' title='bbox 379 1843 460 1904; x_wconf 88' lang='lat' dir='ltr'>fides</span> <span class='ocrx_word' id='word_1_85' title='bbox 476 1843 677 1924; x_wconf 88' lang='lat' dir='ltr'>dextraeque</span> <span class='ocrx_word' id='word_1_86' title='bbox 694 1821 811 1917; x_wconf 81' lang='lat' dir='ltr'>datae3</span> <span class='ocrx_word' id='word_1_87' title='bbox 836 1843 1050 1923; x_wconf 90' lang='lat' dir='ltr'>thalamoque</span> <span class='ocrx_word' id='word_1_88' title='bbox 1073 1849 1228 1922; x_wconf 93' lang='lat' dir='ltr'>receptus</span> 
     </span>
     <span class='ocr_line' id='line_1_15' title="bbox 278 1953 1021 2036; baseline -0.001 -19"><span class='ocrx_word' id='word_1_89' title='bbox 278 1954 423 2035; x_wconf 89' lang='lat' dir='ltr'>coniugii</span> <span class='ocrx_word' id='word_1_90' title='bbox 439 1955 550 2017; x_wconf 92' lang='lat' dir='ltr'>dotem</span> <span class='ocrx_word' id='word_1_91' title='bbox 568 1956 732 2018; x_wconf 89' lang='lat' dir='ltr'>sociorum</span> <span class='ocrx_word' id='word_1_92' title='bbox 749 1975 890 2036; x_wconf 89' lang='lat' dir='ltr'>corpora</span> <span class='ocrx_word' id='word_1_93' title='bbox 906 1953 1021 2036; x_wconf 92' lang='lat' dir='ltr'>poscit.</span> 
     </span>
    </p>

    <p class='ocr_par' dir='ltr' id='par_1_8' title="bbox 192 2065 1291 3045">
     <span class='ocr_line' id='line_1_16' title="bbox 322 2065 1128 2148; baseline -0.001 -19"><span class='ocrx_word' id='word_1_94' title='bbox 322 2066 518 2148; x_wconf 87' lang='lat' dir='ltr'>Spargimur</span> <span class='ocrx_word' id='word_1_95' title='bbox 534 2066 669 2146; x_wconf 92' lang='lat' dir='ltr'>ignotae</span> <span class='ocrx_word' id='word_1_96' title='bbox 683 2067 770 2128; x_wconf 91' lang='lat' dir='ltr'>sucis</span> <span class='ocrx_word' id='word_1_97' title='bbox 787 2065 978 2129; x_wconf 91' lang='lat' dir='ltr'>melioribus</span> <span class='ocrx_word' id='word_1_98' title='bbox 995 2065 1128 2140; x_wconf 90' lang='lat' dir='ltr'>herbae,</span> 
     </span>
     <span class='ocr_line' id='line_1_17' title="bbox 277 2162 1291 2260; baseline 0.003 -19"><span class='ocrx_word' id='word_1_99' title='bbox 277 2178 546 2260; x_wconf 88' lang='lat' dir='ltr'>percutimurque</span> <span class='ocrx_word' id='word_1_100' title='bbox 562 2187 663 2259; x_wconf 92' lang='lat' dir='ltr'>caput</span> <span class='ocrx_word' id='word_1_101' title='bbox 678 2162 858 2241; x_wconf 87' lang='lat' dir='ltr'>conversae</span> <span class='ocrx_word' id='word_1_102' title='bbox 874 2178 1011 2241; x_wconf 87' lang='lat' dir='ltr'>verbere</span> <span class='ocrx_word' id='word_1_103' title='bbox 1026 2176 1150 2258; x_wconf 90' lang='lat' dir='ltr'>virgae,</span> <span class='ocrx_word' id='word_1_104' title='bbox 1258 2193 1291 2244; x_wconf 88' lang='lat'>30</span> 
     </span>
     <span class='ocr_line' id='line_1_18' title="bbox 276 2289 1040 2371; baseline 0 -20"><span class='ocrx_word' id='word_1_105' title='bbox 276 2289 444 2371; x_wconf 89' lang='lat' dir='ltr'>verbaque</span> <span class='ocrx_word' id='word_1_106' title='bbox 460 2290 614 2353; x_wconf 89' lang='lat' dir='ltr'>dicuntur</span> <span class='ocrx_word' id='word_1_107' title='bbox 629 2289 726 2353; x_wconf 93' lang='lat' dir='ltr'>dictis</span> <span class='ocrx_word' id='word_1_108' title='bbox 743 2292 908 2353; x_wconf 90' lang='lat' dir='ltr'>contraria</span> <span class='ocrx_word' id='word_1_109' title='bbox 923 2289 1040 2353; x_wconf 85' lang='lat' dir='ltr'>verbis</span> 
     </span>
     <span class='ocr_line' id='line_1_19' title="bbox 278 2401 1112 2484; baseline 0.001 -21"><span class='ocrx_word' id='word_1_110' title='bbox 278 2401 354 2483; x_wconf 87' lang='lat' dir='ltr'>Quo</span> <span class='ocrx_word' id='word_1_111' title='bbox 370 2401 477 2483; x_wconf 91' lang='lat' dir='ltr'>magis</span> <span class='ocrx_word' id='word_1_112' title='bbox 493 2402 549 2463; x_wconf 91' lang='lat' dir='ltr'>illa</span> <span class='ocrx_word' id='word_1_113' title='bbox 564 2402 662 2478; x_wconf 88' lang='lat' dir='ltr'>canit,</span> <span class='ocrx_word' id='word_1_114' title='bbox 680 2402 788 2484; x_wconf 91' lang='lat' dir='ltr'>magis</span> <span class='ocrx_word' id='word_1_115' title='bbox 804 2403 867 2465; x_wconf 93' lang='lat' dir='ltr'>hoc</span> <span class='ocrx_word' id='word_1_116' title='bbox 880 2402 997 2465; x_wconf 89' lang='lat' dir='ltr'>tellure</span> <span class='ocrx_word' id='word_1_117' title='bbox 1013 2401 1112 2482; x_wconf 89' lang='lat' dir='ltr'>levati</span> 
     </span>
     <span class='ocr_line' id='line_1_20' title="bbox 192 2513 1163 2596; baseline -0.003 -19"><span class='ocrx_word' id='word_1_118' title='bbox 192 2537 202 2546; x_wconf 93' lang='lat'>·</span> <span class='ocrx_word' id='word_1_119' title='bbox 278 2515 442 2594; x_wconf 87' lang='lat' dir='ltr'>erigimur,</span> <span class='ocrx_word' id='word_1_120' title='bbox 461 2523 639 2596; x_wconf 91' lang='lat' dir='ltr'>saetaeque</span> <span class='ocrx_word' id='word_1_121' title='bbox 656 2515 788 2594; x_wconf 88' lang='lat' dir='ltr'>cadunt,</span> <span class='ocrx_word' id='word_1_122' title='bbox 806 2514 991 2596; x_wconf 87' lang='lat' dir='ltr'>bifidosque</span> <span class='ocrx_word' id='word_1_123' title='bbox 1007 2513 1163 2596; x_wconf 90' lang='lat' dir='ltr'>relinquit</span> 
     </span>
     <span class='ocr_line' id='line_1_21' title="bbox 278 2624 1130 2709; baseline 0 -22"><span class='ocrx_word' id='word_1_124' title='bbox 278 2626 360 2688; x_wconf 90' lang='lat' dir='ltr'>rima</span> <span class='ocrx_word' id='word_1_125' title='bbox 377 2627 488 2709; x_wconf 91' lang='lat' dir='ltr'>pedes,</span> <span class='ocrx_word' id='word_1_126' title='bbox 507 2627 647 2689; x_wconf 91' lang='lat' dir='ltr'>redeunt</span> <span class='ocrx_word' id='word_1_127' title='bbox 663 2626 768 2690; x_wconf 89' lang='lat' dir='ltr'>umeri</span> <span class='ocrx_word' id='word_1_128' title='bbox 785 2636 819 2690; x_wconf 90' lang='lat' dir='ltr'>et</span> <span class='ocrx_word' id='word_1_129' title='bbox 834 2626 983 2689; x_wconf 91' lang='lat' dir='ltr'>subiecta</span> <span class='ocrx_word' id='word_1_130' title='bbox 999 2624 1130 2688; x_wconf 90' lang='lat' dir='ltr'>lacertis</span> 
     </span>
     <span class='ocr_line' id='line_1_22' title="bbox 277 2735 1289 2820; baseline -0.001 -21"><span class='ocrx_word' id='word_1_131' title='bbox 277 2736 433 2800; x_wconf 88' lang='lat' dir='ltr'>bracchia</span> <span class='ocrx_word' id='word_1_132' title='bbox 450 2747 535 2800; x_wconf 91' lang='lat' dir='ltr'>sunt.</span> <span class='ocrx_word' id='word_1_133' title='bbox 586 2739 738 2801; x_wconf 91' lang='lat' dir='ltr'>Flentem</span> <span class='ocrx_word' id='word_1_134' title='bbox 756 2739 874 2802; x_wconf 91' lang='lat' dir='ltr'>flentes</span> <span class='ocrx_word' id='word_1_135' title='bbox 887 2739 1119 2820; x_wconf 90' lang='lat' dir='ltr'>amplectimur</span> <span class='ocrx_word' id='word_1_136' title='bbox 1135 2735 1199 2818; x_wconf 92' lang='lat' dir='ltr'>ipsi</span> <span class='ocrx_word' id='word_1_137' title='bbox 1256 2753 1289 2806; x_wconf 82' lang='lat'>35</span> 
     </span>
     <span class='ocr_line' id='line_1_23' title="bbox 277 2850 1098 2932; baseline -0.001 -21"><span class='ocrx_word' id='word_1_138' title='bbox 277 2850 519 2932; x_wconf 90' lang='lat' dir='ltr'>haeremusque</span> <span class='ocrx_word' id='word_1_139' title='bbox 535 2850 628 2913; x_wconf 93' lang='lat' dir='ltr'>ducis</span> <span class='ocrx_word' id='word_1_140' title='bbox 645 2851 740 2914; x_wconf 92' lang='lat' dir='ltr'>collo.</span> <span class='ocrx_word' id='word_1_141' title='bbox 790 2851 862 2914; x_wconf 91' lang='lat' dir='ltr'>Nec</span> <span class='ocrx_word' id='word_1_142' title='bbox 878 2851 981 2914; x_wconf 91' lang='lat' dir='ltr'>verba</span> <span class='ocrx_word' id='word_1_143' title='bbox 998 2851 1098 2913; x_wconf 91' lang='lat' dir='ltr'>locuti</span> 
     </span>
     <span class='ocr_line' id='line_1_24' title="bbox 277 2961 1106 3045; baseline 0.001 -22"><span class='ocrx_word' id='word_1_144' title='bbox 277 2961 345 3023; x_wconf 91' lang='lat' dir='ltr'>ulla</span> <span class='ocrx_word' id='word_1_145' title='bbox 361 2963 470 3045; x_wconf 94' lang='lat' dir='ltr'>priora</span> <span class='ocrx_word' id='word_1_146' title='bbox 487 2983 602 3025; x_wconf 92' lang='lat' dir='ltr'>sumus</span> <span class='ocrx_word' id='word_1_147' title='bbox 619 2983 718 3044; x_wconf 92' lang='lat' dir='ltr'>quam</span> <span class='ocrx_word' id='word_1_148' title='bbox 735 2983 796 3026; x_wconf 93' lang='lat' dir='ltr'>nos</span> <span class='ocrx_word' id='word_1_149' title='bbox 813 2963 970 3026; x_wconf 89' lang='lat' dir='ltr'>testantia</span> <span class='ocrx_word' id='word_1_150' title='bbox 983 2971 1106 3043; x_wconf 83' lang='lat' dir='ltr'>gratos</span> 
     </span>
    </p>
   </div>
   <div class='ocr_carea' id='block_1_3' title="bbox 275 3143 1230 3700">
    <p class='ocr_par' dir='ltr' id='par_1_9' title="bbox 275 3143 1230 3700">
     <span class='ocr_line' id='line_1_25' title="bbox 320 3143 1226 3210; baseline -0.001 -18"><span class='ocrx_word' id='word_1_151' title='bbox 320 3157 357 3210; x_wconf 86' lang='lat'>15.</span> <span class='ocrx_word' id='word_1_152' title='bbox 374 3146 488 3206; x_wconf 66' lang='lat' dir='ltr'>passim</span> <span class='ocrx_word' id='word_1_153' title='bbox 522 3161 564 3209; x_wconf 90' lang='lat' dir='ltr'>my</span> <span class='ocrx_word' id='word_1_154' title='bbox 586 3146 747 3209; x_wconf 77' lang='lat' dir='ltr'>companium</span> <span class='ocrx_word' id='word_1_155' title='bbox 769 3145 822 3193; x_wconf 80' lang='lat' dir='ltr'>who</span> <span class='ocrx_word' id='word_1_156' title='bbox 843 3145 899 3193; x_wconf 79' lang='lat' dir='ltr'>had</span> <span class='ocrx_word' id='word_1_157' title='bbox 921 3145 1036 3210; x_wconf 71' lang='lat' dir='ltr'>suffered.</span> <span class='ocrx_word' id='word_1_158' title='bbox 1081 3144 1117 3192; x_wconf 89' lang='lat'>16.</span> <span class='ocrx_word' id='word_1_159' title='bbox 1141 3143 1226 3192; x_wconf 75' lang='lat' dir='ltr'>hara:</span> 
     </span>
     <span class='ocr_line' id='line_1_26' title="bbox 275 3224 1230 3291; baseline -0.002 -15"><span class='ocrx_word' id='word_1_160' title='bbox 275 3224 443 3290; x_wconf 72' lang='lat' dir='ltr'>ary-riuis:</span> <span class='ocrx_word' id='word_1_161' title='bbox 464 3243 522 3290; x_wconf 91' lang='lat' dir='ltr'>gen.</span> <span class='ocrx_word' id='word_1_162' title='bbox 535 3227 564 3276; x_wconf 86' lang='lat' dir='ltr'>of</span> <span class='ocrx_word' id='word_1_163' title='bbox 571 3244 619 3276; x_wconf 88' lang='lat' dir='ltr'>sus.</span> <span class='ocrx_word' id='word_1_164' title='bbox 651 3227 688 3276; x_wconf 89' lang='lat'>18.</span> <span class='ocrx_word' id='word_1_165' title='bbox 707 3227 805 3287; x_wconf 79' lang='lat' dir='ltr'>Quae:</span> <span class='ocrx_word' id='word_1_166' title='bbox 820 3226 897 3275; x_wconf 85' lang='lat' dir='ltr'>refers</span> <span class='ocrx_word' id='word_1_167' title='bbox 908 3234 935 3276; x_wconf 92' lang='lat' dir='ltr'>to</span> <span class='ocrx_word' id='word_1_168' title='bbox 947 3228 1048 3291; x_wconf 83' lang='lat' dir='ltr'>pocula.</span> <span class='ocrx_word' id='word_1_169' title='bbox 1086 3239 1122 3288; x_wconf 92' lang='lat'>19.</span> <span class='ocrx_word' id='word_1_170' title='bbox 1141 3225 1230 3275; x_wconf 76' lang='lat' dir='ltr'>saeti-</span> 
     </span>
     <span class='ocr_line' id='line_1_27' title="bbox 276 3297 1229 3373; baseline -0.003 -15"><span class='ocrx_word' id='word_1_171' title='bbox 276 3310 351 3372; x_wconf 76' lang='lat' dir='ltr'>geri:</span> <span class='ocrx_word' id='word_1_172' title='bbox 366 3311 398 3360; x_wconf 78' lang='lat' dir='ltr'>cl.</span> <span class='ocrx_word' id='word_1_173' title='bbox 410 3312 490 3368; x_wconf 83' lang='lat' dir='ltr'>saetis,</span> <span class='ocrx_word' id='word_1_174' title='bbox 503 3310 519 3358; x_wconf 95' lang='lat' dir='ltr'>l.</span> <span class='ocrx_word' id='word_1_175' title='bbox 531 3324 554 3372; x_wconf 90' lang='lat'>9.</span> <span class='ocrx_word' id='word_1_176' title='bbox 584 3323 623 3358; x_wconf 87' lang='lat'>20.</span> <span class='ocrx_word' id='word_1_177' title='bbox 640 3310 736 3358; x_wconf 81' lang='lat' dir='ltr'>ultor:</span> <span class='ocrx_word' id='word_1_178' title='bbox 757 3325 873 3373; x_wconf 83' lang='lat' dir='ltr'>avenger.</span> <span class='ocrx_word' id='word_1_179' title='bbox 910 3322 947 3357; x_wconf 90' lang='lat'>21.</span> <span class='ocrx_word' id='word_1_180' title='bbox 966 3297 1135 3371; x_wconf 60' lang='lat' dir='ltr'>Cyllenius:</span> <span class='ocrx_word' id='word_1_181' title='bbox 1157 3310 1229 3356; x_wconf 87' lang='lat' dir='ltr'>Mer·</span> 
     </span>
     <span class='ocr_line' id='line_1_28' title="bbox 276 3391 1229 3457; baseline -0.002 -17"><span class='ocrx_word' id='word_1_182' title='bbox 276 3409 346 3455; x_wconf 82' lang='lat' dir='ltr'>cury.</span> <span class='ocrx_word' id='word_1_183' title='bbox 387 3407 425 3442; x_wconf 87' lang='lat'>22.</span> <span class='ocrx_word' id='word_1_184' title='bbox 443 3393 539 3455; x_wconf 81' lang='lat' dir='ltr'>moly:</span> <span class='ocrx_word' id='word_1_185' title='bbox 559 3393 631 3455; x_wconf 86' lang='lat' dir='ltr'>moly.</span> <span class='ocrx_word' id='word_1_186' title='bbox 666 3405 704 3457; x_wconf 82' lang='lat'>25·</span> <span class='ocrx_word' id='word_1_187' title='bbox 722 3392 867 3441; x_wconf 83' lang='lat' dir='ltr'>mulcere:</span> <span class='ocrx_word' id='word_1_188' title='bbox 891 3391 976 3440; x_wconf 82' lang='lat' dir='ltr'>stroke.</span> <span class='ocrx_word' id='word_1_189' title='bbox 1022 3404 1061 3454; x_wconf 86' lang='lat'>31.</span> <span class='ocrx_word' id='word_1_190' title='bbox 1079 3391 1229 3440; x_wconf 75' lang='lat' dir='ltr'>dictis...</span> 
     </span>
     <span class='ocr_line' id='line_1_29' title="bbox 275 3472 1229 3540; baseline -0.004 -17"><span class='ocrx_word' id='word_1_191' title='bbox 275 3476 392 3525; x_wconf 78' lang='lat' dir='ltr'>verbis:</span> <span class='ocrx_word' id='word_1_192' title='bbox 419 3476 457 3523; x_wconf 81' lang='lat' dir='ltr'>rhe</span> <span class='ocrx_word' id='word_1_193' title='bbox 477 3477 580 3538; x_wconf 79' lang='lat' dir='ltr'>opposite</span> <span class='ocrx_word' id='word_1_194' title='bbox 599 3476 631 3540; x_wconf 89' lang='lat' dir='ltr'>os</span> <span class='ocrx_word' id='word_1_195' title='bbox 640 3475 679 3522; x_wconf 77' lang='lat' dir='ltr'>the</span> <span class='ocrx_word' id='word_1_196' title='bbox 695 3475 776 3521; x_wconf 85' lang='lat' dir='ltr'>words</span> <span class='ocrx_word' id='word_1_197' title='bbox 787 3474 915 3538; x_wconf 79' lang='lat' dir='ltr'>formerly</span> <span class='ocrx_word' id='word_1_198' title='bbox 931 3474 1028 3537; x_wconf 80' lang='lat' dir='ltr'>spoken,</span> <span class='ocrx_word' id='word_1_199' title='bbox 1046 3473 1086 3522; x_wconf 87' lang='lat' dir='ltr'>i.e.</span> <span class='ocrx_word' id='word_1_200' title='bbox 1106 3472 1229 3535; x_wconf 78' lang='lat' dir='ltr'>revolring</span> 
     </span>
     <span class='ocr_line' id='line_1_30' title="bbox 275 3555 1229 3620; baseline -0.002 -14"><span class='ocrx_word' id='word_1_201' title='bbox 275 3558 366 3607; x_wconf 84' lang='lat' dir='ltr'>words.</span> <span class='ocrx_word' id='word_1_202' title='bbox 411 3570 450 3620; x_wconf 84' lang='lat'>33.</span> <span class='ocrx_word' id='word_1_203' title='bbox 475 3557 603 3606; x_wconf 78' lang='lat' dir='ltr'>bifidos:</span> <span class='ocrx_word' id='word_1_204' title='bbox 633 3557 724 3604; x_wconf 86' lang='lat' dir='ltr'>cloven.</span> <span class='ocrx_word' id='word_1_205' title='bbox 770 3568 808 3617; x_wconf 80' lang='lat'>34.</span> <span class='ocrx_word' id='word_1_206' title='bbox 831 3556 920 3604; x_wconf 81' lang='lat' dir='ltr'>rlma:</span> <span class='ocrx_word' id='word_1_207' title='bbox 951 3555 1033 3604; x_wconf 86' lang='lat' dir='ltr'>crack.</span> <span class='ocrx_word' id='word_1_208' title='bbox 1082 3568 1121 3619; x_wconf 88' lang='lat'>37.</span> <span class='ocrx_word' id='word_1_209' title='bbox 1139 3567 1229 3617; x_wconf 78' lang='lat' dir='ltr'>quam</span> 
     </span>
     <span class='ocr_line' id='line_1_31' title="bbox 275 3637 806 3700; baseline -0.009 -8"><span class='ocrx_word' id='word_1_210' title='bbox 275 3639 435 3692; x_wconf 70' lang='lat' dir='ltr'>testantia:</span> <span class='ocrx_word' id='word_1_211' title='bbox 454 3639 517 3687; x_wconf 76' lang='lat' dir='ltr'>than</span> <span class='ocrx_word' id='word_1_212' title='bbox 533 3639 596 3686; x_wconf 77' lang='lat' dir='ltr'>those</span> <span class='ocrx_word' id='word_1_213' title='bbox 612 3637 691 3686; x_wconf 79' lang='lat' dir='ltr'>which</span> <span class='ocrx_word' id='word_1_214' title='bbox 703 3637 806 3700; x_wconf 82' lang='lat' dir='ltr'>proved.</span> 
     </span>
    </p>
   </div>
   <div class='ocr_carea' id='block_1_4' title="bbox 0 0 1490 4358">
    <p class='ocr_par' dir='ltr' id='par_1_10' title="bbox 0 0 1490 4358">
     <span class='ocr_line' id='line_1_32' title="bbox 0 0 1490 4358; baseline 0 0"><span class='ocrx_word' id='word_1_215' title='bbox 0 0 1490 4358; x_wconf 95' lang='lat' dir='ltr'> </span> 
     </span>
    </p>
   </div>
  </div>
 </body>
</html>
