2948 4368
309 323 356 409 48
525 331 777 388 senac‘nous
806 329 924 388 suom
954 329 1059 386 ovm

308 513 352 578 ad
368 514 501 579 solitum
517 527 626 578 colere
641 514 760 577 locum.
806 515 894 577 Tum
911 533 1078 576 murmure
1094 534 1197 594 parvo

309 627 414 691 multa
430 627 521 709 prius
537 627 655 709 questi,
673 635 822 690 statuunt
837 637 876 689 ut
891 636 987 689 nocte
1003 624 1113 688 silenti

241 743 251 754 '
309 740 427 804 fallere
443 740 598 804 custodes
616 739 809 821 foribusque
824 739 984 802 excedere
1000 747 1174 821 temptent,

309 872 453 935 cumque
480 851 580 916 domo
606 851 754 927 exierint,
778 850 868 913 urbis
894 870 1027 933 quoque
1053 859 1141 914 tecta
1167 849 1263 913 relin-

396 973 519 1048 quant;
1293 978 1325 1029 30

280 1125 284 1142 t
309 1097 393 1142 neve
409 1075 452 1141 sit
467 1076 646 1140 errandum
662 1075 729 1139 lato
745 1074 969 1156 spatiantibus
984 1094 1072 1149 amu,

309 1189 511 1255 conveniant
526 1189 569 1252 ad
585 1187 684 1251 busta
701 1187 782 1251 Nini
797 1187 990 1269 lateantque
1006 1185 1068 1250 sub
1084 1185 1200 1250 umbra

309 1301 445 1366 arboris
493 1299 606 1364 Arbor
620 1299 675 1376 ibi,
692 1299 797 1362 niveis
813 1297 979 1362 uberrima
995 1297 1103 1380 pomis

309 1415 414 1478 ardua
430 1421 649 1489 morus‚¹erat,
666 1411 776 1493 gelido
792 1410 998 1475 contermina
1014 1410 1107 1474 fonti.

311 1525 413 1589 Pacta
428 1526 580 1607 placent;
605 1533 639 1587 et
653 1524 709 1586 lux
725 1523 819 1587 tarde
835 1522 1006 1587 discedere
1021 1521 1092 1585 visa
1291 1539 1325 1590 35

310 1637 547 1719 praecipitatur
563 1635 667 1719 aquis,
684 1645 718 1699 et
733 1635 828 1718 aquis
845 1655 910 1698 nox
925 1633 991 1698 exit
1007 1634 1049 1697 ab
1065 1633 1179 1698 isdem.

353 1749 482 1815 Callida
498 1768 558 1831 per
573 1746 729 1812 tenebras
744 1757 876 1811 versato
893 1746 1027 1810 cardine
1043 1745 1169 1810 Thisbe
1283 1792 1285 1796 -

309 1861 479 1943 egreditur
494 1859 647 1942 fallitque
664 1880 751 1936 suos,
769 1860 995 1941 adopertaque
1010 1859 1138 1922 vultum

309 1973 519 2056 pervenitad
535 1973 700 2036 tumulum
717 1972 872 2055 dictaque
888 1971 950 2035 sub
966 1971 1084 2034 arbore
1100 1970 1193 2034 sedit.

117 2091 209 2140 tutat·
309 2086 485 2150 Audacem
502 2085 645 2149 faciebat
661 2104 762 2149 amor.
808 2084 912 2148 Venit
926 2104 1005 2148 ecce
1019 2083 1145 2148 recenti
1291 2099 1326 2146 40

116 2167 208 2292 :fflt'
309 2199 413 2262 eaede
430 2199 546 2262 leaena
562 2197 663 2262 boum
680 2196 866 2280 spumantis
883 2196 985 2260 oblita
1001 2196 1113 2273 rictus,

310 2309 503 2393 depositura
519 2309 606 2374 sitim
621 2309 722 2374 vicini
737 2309 841 2373 fontis
858 2309 891 2371 in
907 2309 1006 2372 unda.

310 2423 420 2506 Quam
438 2423 554 2505 procul
570 2422 613 2485 ad
629 2421 728 2485 lunae
743 2423 853 2485 radios
870 2421 1055 2506 Babylonia
1070 2420 1196 2485 Thisbe

309 2533 399 2612 vidit,
416 2545 450 2598 et
466 2535 644 2599 obscurum
661 2533 791 2616 trepido
808 2534 894 2615 pede
909 2533 997 2615 fugit
1014 2534 1047 2596 in
1064 2544 1214 2611 antrum;

308 2645 454 2729 dumque
470 2646 566 2728 fugit,
584 2656 679 2727 tergo
694 2645 860 2710 velamina
877 2647 972 2728 lapsa
987 2645 1128 2728 reliquit.
1290 2655 1324 2707 45

310 2757 358 2823 Ut
375 2759 426 2822 lea
442 2777 542 2822 saeva
558 2757 645 2820 sitim
663 2759 766 2821 multa
781 2757 987 2839 compescuit
1002 2759 1101 2834 unda,

308 2869 387 2932 dum
403 2869 489 2932 redit
504 2869 538 2932 in
554 2869 664 2945 silvas,
681 2869 834 2934 inventos
851 2870 940 2934 forte
956 2870 1028 2933 sine
1044 2870 1117 2951 ipsa

308 2999 365 3045 ore
381 2990 555 3045 cruentato
571 2981 681 3045 tenuis
697 2982 834 3045 laniavit
849 2982 998 3045 amictus.

116 3094 242 3156 syranus
353 3091 466 3157 Serius
482 3111 638 3174 egressus
654 3094 795 3176 vestigia
810 3094 893 3157 vidit
909 3094 943 3156 in
959 3095 1027 3157 alto

116 3169 227 3289 ,ἴῳ
310 3203 445 3284 pulvere
461 3215 551 3268 certa
567 3205 668 3282 ferae,
685 3215 821 3288 totoque
836 3206 996 3287 expalluit
1010 3225 1069 3269 ore
1293 3218 1326 3269 50

116 3317 193 3364 ⁸¹¹¹&
312 3315 481 3399 Pyramus.
515 3317 564 3382 Ut
573 3337 651 3381 vero
663 3328 790 3381 vestem
804 3337 936 3401 quoque
949 3317 1111 3400 sanguine
1123 3315 1262 3380 tinctam

309 3427 466 3507 repperit,
479 3433 497 3460 “
510 3429 589 3494 Una
599 3428 715 3505 duos”
727 3430 844 3512 inquit,
863 3436 881 3463 “
894 3451 959 3494 nox
972 3431 1091 3512 perdet
1100 3430 1242 3492 amantis
1254 3451 1262 3507 ;

308 3538 464 3619 equibus
480 3539 536 3602 illa
552 3541 615 3603 fuit
632 3543 733 3622 longa
748 3543 945 3624 dignissima
960 3544 1036 3619 vita,

308 3659 422 3712 nostra
434 3671 559 3714 nocens
569 3654 680 3716 anima
692 3663 752 3717 est.
778 3655 851 3737 Ego
861 3665 903 3731 te,
918 3655 1114 3730 miseranda,
1127 3652 1262 3736 peremi,

308 3760 341 3822 in
359 3760 431 3823 loca
447 3763 547 3843 plena
562 3773 671 3826 metus
687 3765 744 3847 qui
759 3765 840 3829 iussi
856 3776 953 3830 nocte
968 3767 1108 3842 venires,
1294 3772 1326 3827 55
