2996 4368
421 339 641 400 PHILEMON
670 341 759 400 AND
789 343 933 402 BAUCIS
1108 337 1126 405 8
1129 355 1150 427 3

200 524 337 587 credidit
352 544 427 588 esse
443 524 532 588 deos.
579 525 622 588 Et
639 525 703 588 iarn
722 526 863 591 Iunonia
880 527 974 592 laeva

200 647 292 718 parte
309 636 429 700 Samos
444 635 593 718 (fuerant
614 638 783 721 Delosque
802 639 970 723 Parosque
992 643 1150 728 relictae),

142 781 172 827 40
200 749 314 812 dextra
336 750 521 813 Lebinthos
537 760 608 814 erat
629 751 841 834 fecundaque
863 754 961 818 melle
978 756 1149 841 Calymne,

198 883 272 924 cum
289 883 373 944 puer
388 863 507 926 audaci
522 863 632 945 coepit
648 865 794 945 gaudere
813 866 936 942 volatu,

198 974 407 1057 deseruitque
424 976 542 1040 ducem
558 976 707 1059 caelique
725 977 881 1059 cupidine
900 989 1026 1044 tractus

198 1087 294 1149 altius
310 1088 379 1168 egit
394 1090 465 1151 iter.
514 1089 637 1171 Rapidi
651 1089 772 1154 vicinia
790 1093 868 1155 solis

199 1199 300 1262 mollit
317 1200 480 1277 odoratas,
499 1221 684 1282 pennarum
701 1203 843 1279 vincula,
862 1223 963 1267 ceras.
1167 1215 1253 1264 leam·

140 1342 170 1394 45
197 1311 389 1375 Tabuerant
405 1333 518 1389 cerae;
543 1315 651 1377 nudos
667 1315 773 1397 quatit
789 1315 843 1380 ille
861 1316 1011 1392 lacertos,
1165 1287 1228 1337 ‘⁸¹¹⁸

197 1423 400 1506 remigioque
415 1445 534 1489 carens
548 1446 616 1490 non
632 1427 718 1491 ullas
734 1427 874 1509 percipit
890 1449 997 1492 auras.

197 1535 333 1618 Oraque
349 1538 501 1600 caerulea
517 1540 662 1619 patrium
678 1541 858 1603 clamantia
873 1561 997 1604 nomen

196 1648 405 1730 excipiuntur
419 1670 516 1732 aqua,
533 1671 619 1733 quae
635 1672 756 1714 nornen
773 1652 872 1715 traxit
888 1652 930 1715 ab
947 1653 1009 1717 illo.

197 1760 246 1822 At
261 1770 357 1840 pater
372 1761 496 1836 infelix,
514 1782 575 1826 nec
592 1763 657 1826 iam
674 1774 778 1845 pater,
797 1769 814 1796 “
829 1765 954 1841 icare,''
971 1765 1059 1840 dixit,

142 1896 171 1949 5⁰
199 1872 618 1949 “Icare,’'dixit,“ubies?
657 1875 775 1958 Quate
786 1876 921 1958 regione
932 1876 1143 1959 requiram?”

198 1989 217 2015 “
228 1984 354 2060 Icare,''
371 1985 511 2062 dicebat,
530 2007 658 2068 pennas
674 1988 802 2070 aspexit
817 1988 852 2050 in
869 1988 985 2064 undis;

197 2094 395 2179 devovitque
411 2118 489 2161 suas
505 2099 593 2174 artis,
611 2119 798 2182 corpusque
814 2100 967 2181 sepulcro

196 2208 353 2273 condidit.
401 2211 445 2273 Et
460 2210 558 2273 tellus
574 2232 594 2273 a
610 2211 743 2274 nomine
760 2212 848 2275 dicta
864 2212 994 2295 sepulti.

603 2428 738 2454 —-«»-

264 2590 369 2660 XVI.
408 2590 711 2662 PHILEMON
739 2591 857 2661 AND
888 2592 1079 2663 BAUCIS

197 2768 340 2851 Quoque
357 2770 466 2832 minus
482 2769 631 2833 dubites:
656 2770 745 2832 tiliae
761 2772 966 2834 contermina
983 2791 1124 2853 quercus

196 2879 336 2943 collibus
351 2890 403 2943 est
419 2881 579 2966 Phrygiis,
598 2883 727 2945 modico
743 2883 948 2945 circumdata
964 2902 1065 2945 muro.

197 2992 301 3054 Haud
328 2993 444 3075 procul
468 2993 544 3056 hinc
568 3003 724 3075 stagnum
747 3003 808 3071 est,
832 2995 931 3058 tellus
958 2994 1145 3059 habitabilis

283 3105 370 3180 olim,

195 3237 285 3280 nunc
301 3217 449 3281 celebres
466 3217 588 3300 mergis
608 3219 783 3300 fulicisque
802 3218 1004 3301 palustribus
1024 3220 1143 3284 undae.

154 3354 171 3406 5·
198 3330 351 3410 Iuppiter
367 3329 431 3391 huc
448 3325 557 3412 specie
574 3331 713 3407 mortali,
731 3351 872 3414 cumque
889 3340 1027 3412 parente

195 3441 286 3504 venit
302 3442 514 3506 Atlantiades
530 3444 646 3526 positis
663 3443 832 3506 caducifer
848 3443 917 3506 alis

198 3553 292 3617 Mille
309 3554 426 3618 domos
442 3555 551 3619 adiere
568 3555 676 3619 locum
693 3555 908 3638 requiemque
925 3565 1086 3637 petentes,
1162 3555 1227 3601 '¹⁸st
1340 3547 1343 3551 ⁵

197 3667 286 3729 mille
303 3667 421 3730 domos
436 3667 585 3731 clausere
601 3688 704 3731 serae.
751 3670 878 3731 Tamen
895 3688 961 3730 una
977 3668 1111 3749 recepit,
1162 3629 1244 3675 m

197 3798 302 3859 parva
318 3779 460 3861 quidem,
479 3779 608 3862 stipulis
624 3788 657 3842 et
673 3800 779 3843 canna
795 3788 883 3850 tecta
899 3780 1056 3862 palustri;
